{
  "ticker": "A",
  "quarters": [
    {
      "date": "2025-07-28",
      "quarter": "Q3 2025",
      "revenue": 100453952.30946258,
      "earnings": 2130337.4219040344,
      "eps_actual": 0.0004453041835648861,
      "eps_estimate": 0.00043557305344231435,
      "surprise_percent": 2.2340982863074443,
      "price_on_date": 0.07107073946460657,
      "revenue_growth": 30.938459253400772,
      "earnings_growth": 31.360315074982406
    },
    {
      "date": "2025-04-29",
      "quarter": "Q2 2025",
      "revenue": 95431254.69398944,
      "earnings": 2023820.5508088325,
      "eps_actual": 0.0004230389743866417,
      "eps_estimate": 0.0004074544323491934,
      "surprise_percent": 3.8248551985543666,
      "price_on_date": 0.0805253672017604,
      "revenue_growth": 23.82481606952914,
      "earnings_growth": 19.499174969030815
    },
    {
      "date": "2025-01-29",
      "quarter": "Q1 2025",
      "revenue": 90659691.95928997,
      "earnings": 1922629.523268391,
      "eps_actual": 0.00040188702566730966,
      "eps_estimate": 0.0003985987251872694,
      "surprise_percent": 0.8249651271451899,
      "price_on_date": 0.06527459371314638,
      "revenue_growth": 25.956671528846503,
      "earnings_growth": 20.34340508320078
    },
    {
      "date": "2024-10-31",
      "quarter": "Q4 2024",
      "revenue": 86126707.36132547,
      "earnings": 1826498.0471049715,
      "eps_actual": 0.0003817926743839442,
      "eps_estimate": 0.00036537186785404413,
      "surprise_percent": 4.494272267414883,
      "price_on_date": 0.0643934815297269,
      "revenue_growth": 25.962728951426243,
      "earnings_growth": 23.09291551689484
    },
    {
      "date": "2024-08-02",
      "quarter": "Q3 2024",
      "revenue": 81820371.99325919,
      "earnings": 1735173.1447497227,
      "eps_actual": 0.00036270304066474693,
      "eps_estimate": 0.00036986450305049196,
      "surprise_percent": -1.9362394408439312,
      "price_on_date": 0.06771081096432366,
      "revenue_growth": 26.054437854060065,
      "earnings_growth": 31.12343577649236
    },
    {
      "date": "2024-05-04",
      "quarter": "Q2 2024",
      "revenue": 77729353.39359622,
      "earnings": 1648414.4875122362,
      "eps_actual": 0.0003445678886315095,
      "eps_estimate": 0.00034801961614836305,
      "surprise_percent": -0.9918198160939393,
      "price_on_date": 0.06669659305890428,
      "revenue_growth": 26.706353263424784,
      "earnings_growth": 32.716991163466574
    },
    {
      "date": "2024-02-04",
      "quarter": "Q1 2024",
      "revenue": 73842885.72391641,
      "earnings": 1565993.7631366246,
      "eps_actual": 0.00032733949419993407,
      "eps_estimate": 0.0003284133757836802,
      "surprise_percent": -0.32699081795422646,
      "price_on_date": 0.06140542092560367,
      "revenue_growth": 29.756397401323827,
      "earnings_growth": 19.242540178190847
    },
    {
      "date": "2023-11-06",
      "quarter": "Q4 2023",
      "revenue": 70150741.43772058,
      "earnings": 1487694.074979793,
      "eps_actual": 0.0003109725194899373,
      "eps_estimate": 0.00029607416596314856,
      "surprise_percent": 5.0319667297967134,
      "price_on_date": 0.057432750134111546,
      "revenue_growth": 24.069747607138844,
      "earnings_growth": 28.73946608998776
    }
  ],
  "metrics": {
    "revenue_trend": [
      {
        "date": "2025-07-28",
        "value": 100453952.30946258
      },
      {
        "date": "2025-04-29",
        "value": 95431254.69398944
      },
      {
        "date": "2025-01-29",
        "value": 90659691.95928997
      },
      {
        "date": "2024-10-31",
        "value": 86126707.36132547
      },
      {
        "date": "2024-08-02",
        "value": 81820371.99325919
      },
      {
        "date": "2024-05-04",
        "value": 77729353.39359622
      },
      {
        "date": "2024-02-04",
        "value": 73842885.72391641
      },
      {
        "date": "2023-11-06",
        "value": 70150741.43772058
      }
    ],
    "eps_trend": [
      {
        "date": "2025-07-28",
        "value": 0.0004453041835648861
      },
      {
        "date": "2025-04-29",
        "value": 0.0004230389743866417
      },
      {
        "date": "2025-01-29",
        "value": 0.00040188702566730966
      },
      {
        "date": "2024-10-31",
        "value": 0.0003817926743839442
      },
      {
        "date": "2024-08-02",
        "value": 0.00036270304066474693
      },
      {
        "date": "2024-05-04",
        "value": 0.0003445678886315095
      },
      {
        "date": "2024-02-04",
        "value": 0.00032733949419993407
      },
      {
        "date": "2023-11-06",
        "value": 0.0003109725194899373
      }
    ],
    "earnings_dates": [
      "2025-07-28",
      "2025-04-29",
      "2025-01-29",
      "2024-10-31",
      "2024-08-02",
      "2024-05-04",
      "2024-02-04",
      "2023-11-06"
    ]
  },
  "analysis": {
    "avg_revenue_growth": 26.670668950800664,
    "avg_earnings_surprise": 2.8445477198554707,
    "consistency_score": 60,
    "trend_direction": "growing"
  }
}