{
  "ticker": "AAPL",
  "quarters": [
    {
      "date": "2025-07-28",
      "quarter": "Q3 2025",
      "revenue": 46677671262.228485,
      "earnings": 9155091040.775116,
      "eps_actual": 2.0890830496032904,
      "eps_estimate": 2.0102468997837013,
      "surprise_percent": 3.9217147818047478,
      "price_on_date": 524.6781094322536,
      "revenue_growth": -10.807427301355585,
      "earnings_growth": -9.490925453736978
    },
    {
      "date": "2025-04-29",
      "quarter": "Q2 2025",
      "revenue": 44343787699.11706,
      "earnings": 8697336488.736359,
      "eps_actual": 1.9846288971231254,
      "eps_estimate": 1.9469464804624468,
      "surprise_percent": 1.9354623785923553,
      "price_on_date": 594.2866242106669,
      "revenue_growth": -8.87834108165244,
      "earnings_growth": -10.578630887418337
    },
    {
      "date": "2025-01-29",
      "quarter": "Q1 2025",
      "revenue": 42126598314.16121,
      "earnings": 8262469664.299542,
      "eps_actual": 1.8853974522669694,
      "eps_estimate": 1.8543551240059244,
      "surprise_percent": 1.674022837329289,
      "price_on_date": 485.74284862479885,
      "revenue_growth": -7.9656278036958215,
      "earnings_growth": -9.42434451402289
    },
    {
      "date": "2024-10-31",
      "quarter": "Q4 2024",
      "revenue": 40020268398.45314,
      "earnings": 7849346181.084563,
      "eps_actual": 1.7911275796536206,
      "eps_estimate": 1.8229313342983062,
      "surprise_percent": -1.7446490740655216,
      "price_on_date": 461.21748355780073,
      "revenue_growth": -10.573165290579752,
      "earnings_growth": -9.302652400663716
    },
    {
      "date": "2024-08-02",
      "quarter": "Q3 2024",
      "revenue": 38019254978.53049,
      "earnings": 7456878872.030336,
      "eps_actual": 1.7015712006709398,
      "eps_estimate": 1.706131104119167,
      "surprise_percent": -0.2672657123018259,
      "price_on_date": 422.200443192768,
      "revenue_growth": -8.92805265190788,
      "earnings_growth": -8.730528917862246
    },
    {
      "date": "2024-05-04",
      "quarter": "Q2 2024",
      "revenue": 36118292229.60396,
      "earnings": 7084034928.428819,
      "eps_actual": 1.6164926406373927,
      "eps_estimate": 1.5653372698826304,
      "surprise_percent": 3.2680095043413826,
      "price_on_date": 424.3068588760422,
      "revenue_growth": -9.42205699812217,
      "earnings_growth": -7.61821303388756
    },
    {
      "date": "2024-02-04",
      "quarter": "Q1 2024",
      "revenue": 34312377618.123756,
      "earnings": 6729833182.007377,
      "eps_actual": 1.5356680086055228,
      "eps_estimate": 1.509607017541891,
      "surprise_percent": 1.7263427342877078,
      "price_on_date": 456.3630555213707,
      "revenue_growth": -9.916620876784664,
      "earnings_growth": -7.616151346099307
    },
    {
      "date": "2023-11-06",
      "quarter": "Q4 2023",
      "revenue": 32596758737.217567,
      "earnings": 6393341522.907008,
      "eps_actual": 1.4588846081752467,
      "eps_estimate": 1.429959103373424,
      "surprise_percent": 2.0228204242753756,
      "price_on_date": 426.59627022546965,
      "revenue_growth": -8.116931219792258,
      "earnings_growth": -9.110635404194637
    }
  ],
  "metrics": {
    "revenue_trend": [
      {
        "date": "2025-07-28",
        "value": 46677671262.228485
      },
      {
        "date": "2025-04-29",
        "value": 44343787699.11706
      },
      {
        "date": "2025-01-29",
        "value": 42126598314.16121
      },
      {
        "date": "2024-10-31",
        "value": 40020268398.45314
      },
      {
        "date": "2024-08-02",
        "value": 38019254978.53049
      },
      {
        "date": "2024-05-04",
        "value": 36118292229.60396
      },
      {
        "date": "2024-02-04",
        "value": 34312377618.123756
      },
      {
        "date": "2023-11-06",
        "value": 32596758737.217567
      }
    ],
    "eps_trend": [
      {
        "date": "2025-07-28",
        "value": 2.0890830496032904
      },
      {
        "date": "2025-04-29",
        "value": 1.9846288971231254
      },
      {
        "date": "2025-01-29",
        "value": 1.8853974522669694
      },
      {
        "date": "2024-10-31",
        "value": 1.7911275796536206
      },
      {
        "date": "2024-08-02",
        "value": 1.7015712006709398
      },
      {
        "date": "2024-05-04",
        "value": 1.6164926406373927
      },
      {
        "date": "2024-02-04",
        "value": 1.5356680086055228
      },
      {
        "date": "2023-11-06",
        "value": 1.4588846081752467
      }
    ],
    "earnings_dates": [
      "2025-07-28",
      "2025-04-29",
      "2025-01-29",
      "2024-10-31",
      "2024-08-02",
      "2024-05-04",
      "2024-02-04",
      "2023-11-06"
    ]
  },
  "analysis": {
    "avg_revenue_growth": -9.5561403693209,
    "avg_earnings_surprise": 1.4466377309152174,
    "consistency_score": 68,
    "trend_direction": "declining"
  }
}