{
  "ticker": "ABBV",
  "quarters": [
    {
      "date": "2025-07-28",
      "quarter": "Q3 2025",
      "revenue": 29892425501.514793,
      "earnings": 1394008669.958305,
      "eps_actual": 0.28132203456625937,
      "eps_estimate": 0.2714320547873076,
      "surprise_percent": 3.643630000407103,
      "price_on_date": 409.2958096251175,
      "revenue_growth": 41.2415357666326,
      "earnings_growth": 56.75401919128015
    },
    {
      "date": "2025-04-29",
      "quarter": "Q2 2025",
      "revenue": 28397804226.439053,
      "earnings": 1324308236.4603896,
      "eps_actual": 0.2672559328379464,
      "eps_estimate": 0.2625481951994269,
      "surprise_percent": 1.7930946487533808,
      "price_on_date": 353.18665108131825,
      "revenue_growth": 54.030288089637445,
      "earnings_growth": 46.94081015612086
    },
    {
      "date": "2025-01-29",
      "quarter": "Q1 2025",
      "revenue": 26977914015.1171,
      "earnings": 1258092824.63737,
      "eps_actual": 0.2538931361960491,
      "eps_estimate": 0.25477531007032145,
      "surprise_percent": -0.3462556375768401,
      "price_on_date": 375.17516657916593,
      "revenue_growth": 44.05257105420375,
      "earnings_growth": 57.54552832504548
    },
    {
      "date": "2024-10-31",
      "quarter": "Q4 2024",
      "revenue": 25629018314.361244,
      "earnings": 1195188183.4055016,
      "eps_actual": 0.24119847938624664,
      "eps_estimate": 0.23600309055035176,
      "surprise_percent": 2.201407118770942,
      "price_on_date": 339.4351486769426,
      "revenue_growth": 46.21045935920085,
      "earnings_growth": 32.10052636549096
    },
    {
      "date": "2024-08-02",
      "quarter": "Q3 2024",
      "revenue": 24347567398.64318,
      "earnings": 1135428774.2352264,
      "eps_actual": 0.2291385554169343,
      "eps_estimate": 0.23261108161400051,
      "surprise_percent": -1.492846416848105,
      "price_on_date": 329.75883359142233,
      "revenue_growth": 50.769693894368174,
      "earnings_growth": 54.913850248140086
    },
    {
      "date": "2024-05-04",
      "quarter": "Q2 2024",
      "revenue": 23130189028.711018,
      "earnings": 1078657335.523465,
      "eps_actual": 0.21768162764608753,
      "eps_estimate": 0.20726525282848662,
      "surprise_percent": 5.0256252195926585,
      "price_on_date": 277.68913110131973,
      "revenue_growth": 44.77565738694297,
      "earnings_growth": 45.50622145869683
    },
    {
      "date": "2024-02-04",
      "quarter": "Q1 2024",
      "revenue": 21973679577.275467,
      "earnings": 1024724468.7472916,
      "eps_actual": 0.20679754626378313,
      "eps_estimate": 0.20426356830470527,
      "surprise_percent": 1.240543274607768,
      "price_on_date": 312.9552374688504,
      "revenue_growth": 54.05783820164266,
      "earnings_growth": 42.49212025799301
    },
    {
      "date": "2023-11-06",
      "quarter": "Q4 2023",
      "revenue": 20874995598.41169,
      "earnings": 973488245.3099269,
      "eps_actual": 0.19645766895059397,
      "eps_estimate": 0.18862164953749108,
      "surprise_percent": 4.154358437813031,
      "price_on_date": 246.08819268072392,
      "revenue_growth": 46.11623103053339,
      "earnings_growth": 33.53759809038999
    }
  ],
  "metrics": {
    "revenue_trend": [
      {
        "date": "2025-07-28",
        "value": 29892425501.514793
      },
      {
        "date": "2025-04-29",
        "value": 28397804226.439053
      },
      {
        "date": "2025-01-29",
        "value": 26977914015.1171
      },
      {
        "date": "2024-10-31",
        "value": 25629018314.361244
      },
      {
        "date": "2024-08-02",
        "value": 24347567398.64318
      },
      {
        "date": "2024-05-04",
        "value": 23130189028.711018
      },
      {
        "date": "2024-02-04",
        "value": 21973679577.275467
      },
      {
        "date": "2023-11-06",
        "value": 20874995598.41169
      }
    ],
    "eps_trend": [
      {
        "date": "2025-07-28",
        "value": 0.28132203456625937
      },
      {
        "date": "2025-04-29",
        "value": 0.2672559328379464
      },
      {
        "date": "2025-01-29",
        "value": 0.2538931361960491
      },
      {
        "date": "2024-10-31",
        "value": 0.24119847938624664
      },
      {
        "date": "2024-08-02",
        "value": 0.2291385554169343
      },
      {
        "date": "2024-05-04",
        "value": 0.21768162764608753
      },
      {
        "date": "2024-02-04",
        "value": 0.20679754626378313
      },
      {
        "date": "2023-11-06",
        "value": 0.19645766895059397
      }
    ],
    "earnings_dates": [
      "2025-07-28",
      "2025-04-29",
      "2025-01-29",
      "2024-10-31",
      "2024-08-02",
      "2024-05-04",
      "2024-02-04",
      "2023-11-06"
    ]
  },
  "analysis": {
    "avg_revenue_growth": 46.38371356741867,
    "avg_earnings_surprise": 1.8229690325886463,
    "consistency_score": 63,
    "trend_direction": "growing"
  }
}