{
  "ticker": "ABNB",
  "quarters": [
    {
      "date": "2025-07-28",
      "quarter": "Q3 2025",
      "revenue": 1675042579.9443293,
      "earnings": 236191466.92197493,
      "eps_actual": 0.5748242940094646,
      "eps_estimate": 0.5761659266763105,
      "surprise_percent": -0.23285526004380971,
      "price_on_date": 140.90928891692784,
      "revenue_growth": 0.835030795881232,
      "earnings_growth": 0.8126335364465322
    },
    {
      "date": "2025-04-29",
      "quarter": "Q2 2025",
      "revenue": 1591290450.9471128,
      "earnings": 224381893.57587618,
      "eps_actual": 0.5460830793089912,
      "eps_estimate": 0.5441371711005952,
      "surprise_percent": 0.3576135415377232,
      "price_on_date": 135.22086368873528,
      "revenue_growth": 0.6416267531967608,
      "earnings_growth": 0.8287207660746124
    },
    {
      "date": "2025-01-29",
      "quarter": "Q1 2025",
      "revenue": 1511725928.3997571,
      "earnings": 213162798.8970824,
      "eps_actual": 0.5187789253435418,
      "eps_estimate": 0.5065540173041205,
      "surprise_percent": 2.4133473670749193,
      "price_on_date": 138.4389144661806,
      "revenue_growth": 0.8057898417618637,
      "earnings_growth": 0.787759308146648
    },
    {
      "date": "2024-10-31",
      "quarter": "Q4 2024",
      "revenue": 1436139631.9797692,
      "earnings": 202504658.95222825,
      "eps_actual": 0.4928399790763646,
      "eps_estimate": 0.49451890736512627,
      "surprise_percent": -0.33950740078013214,
      "price_on_date": 122.30819750821705,
      "revenue_growth": 0.5942574613967841,
      "earnings_growth": 0.9464318844986778
    },
    {
      "date": "2024-08-02",
      "quarter": "Q3 2024",
      "revenue": 1364332650.3807807,
      "earnings": 192379426.00461683,
      "eps_actual": 0.4681979801225464,
      "eps_estimate": 0.4770288014682489,
      "surprise_percent": -1.851213452630552,
      "price_on_date": 129.99153557858597,
      "revenue_growth": 0.6252322594092885,
      "earnings_growth": 0.5440584250287355
    },
    {
      "date": "2024-05-04",
      "quarter": "Q2 2024",
      "revenue": 1296116017.8617413,
      "earnings": 182760454.70438594,
      "eps_actual": 0.44478808111641893,
      "eps_estimate": 0.42750165211540514,
      "surprise_percent": 4.043593496183092,
      "price_on_date": 116.86816735343247,
      "revenue_growth": 0.8351559704949747,
      "earnings_growth": 0.5182090231955797
    },
    {
      "date": "2024-02-04",
      "quarter": "Q1 2024",
      "revenue": 1231310216.9686544,
      "earnings": 173622431.96916667,
      "eps_actual": 0.42254867706059807,
      "eps_estimate": 0.4218445338014075,
      "surprise_percent": 0.16692008613818832,
      "price_on_date": 113.38187533528142,
      "revenue_growth": 0.8204523517632415,
      "earnings_growth": 0.5415995278800009
    },
    {
      "date": "2023-11-06",
      "quarter": "Q4 2023",
      "revenue": 1169744706.1202216,
      "earnings": 164941310.37070832,
      "eps_actual": 0.4014212432075681,
      "eps_estimate": 0.4035150471438008,
      "surprise_percent": -0.5188911667738968,
      "price_on_date": 113.27462173912004,
      "revenue_growth": 0.7538239841569151,
      "earnings_growth": 0.554659360952734
    }
  ],
  "metrics": {
    "revenue_trend": [
      {
        "date": "2025-07-28",
        "value": 1675042579.9443293
      },
      {
        "date": "2025-04-29",
        "value": 1591290450.9471128
      },
      {
        "date": "2025-01-29",
        "value": 1511725928.3997571
      },
      {
        "date": "2024-10-31",
        "value": 1436139631.9797692
      },
      {
        "date": "2024-08-02",
        "value": 1364332650.3807807
      },
      {
        "date": "2024-05-04",
        "value": 1296116017.8617413
      },
      {
        "date": "2024-02-04",
        "value": 1231310216.9686544
      },
      {
        "date": "2023-11-06",
        "value": 1169744706.1202216
      }
    ],
    "eps_trend": [
      {
        "date": "2025-07-28",
        "value": 0.5748242940094646
      },
      {
        "date": "2025-04-29",
        "value": 0.5460830793089912
      },
      {
        "date": "2025-01-29",
        "value": 0.5187789253435418
      },
      {
        "date": "2024-10-31",
        "value": 0.4928399790763646
      },
      {
        "date": "2024-08-02",
        "value": 0.4681979801225464
      },
      {
        "date": "2024-05-04",
        "value": 0.44478808111641893
      },
      {
        "date": "2024-02-04",
        "value": 0.42254867706059807
      },
      {
        "date": "2023-11-06",
        "value": 0.4014212432075681
      }
    ],
    "earnings_dates": [
      "2025-07-28",
      "2025-04-29",
      "2025-01-29",
      "2024-10-31",
      "2024-08-02",
      "2024-05-04",
      "2024-02-04",
      "2023-11-06"
    ]
  },
  "analysis": {
    "avg_revenue_growth": 0.7191762130591601,
    "avg_earnings_surprise": 0.5496495619471752,
    "consistency_score": 84,
    "trend_direction": "stable"
  }
}