{
  "ticker": "ABT",
  "quarters": [
    {
      "date": "2025-07-28",
      "quarter": "Q3 2025",
      "revenue": 18220883389.332283,
      "earnings": 1398210259.458684,
      "eps_actual": 0.5949237726265614,
      "eps_estimate": 0.5907566618147461,
      "surprise_percent": 0.7053853271860462,
      "price_on_date": 186.30321229630997,
      "revenue_growth": 45.461862324972806,
      "earnings_growth": 43.274338018063936
    },
    {
      "date": "2025-04-29",
      "quarter": "Q2 2025",
      "revenue": 17309839219.86567,
      "earnings": 1328299746.48575,
      "eps_actual": 0.5651775839952334,
      "eps_estimate": 0.5480319978520243,
      "surprise_percent": 3.1285739172913565,
      "price_on_date": 178.71528749499663,
      "revenue_growth": 57.159590075108085,
      "earnings_growth": 55.69061137594261
    },
    {
      "date": "2025-01-29",
      "quarter": "Q1 2025",
      "revenue": 16444347258.872385,
      "earnings": 1261884759.1614623,
      "eps_actual": 0.5369187047954717,
      "eps_estimate": 0.5287469735004859,
      "surprise_percent": 1.5454899421714057,
      "price_on_date": 184.60066846159708,
      "revenue_growth": 56.65918664388201,
      "earnings_growth": 63.64722561180993
    },
    {
      "date": "2024-10-31",
      "quarter": "Q4 2024",
      "revenue": 15622129895.928764,
      "earnings": 1198790521.2033892,
      "eps_actual": 0.5100727695556981,
      "eps_estimate": 0.4853550701506295,
      "surprise_percent": 5.092704480741802,
      "price_on_date": 158.5675905749706,
      "revenue_growth": 51.27484141428653,
      "earnings_growth": 42.9739412202246
    },
    {
      "date": "2024-08-02",
      "quarter": "Q3 2024",
      "revenue": 14841023401.132326,
      "earnings": 1138850995.1432197,
      "eps_actual": 0.48456913107791316,
      "eps_estimate": 0.4704581866015561,
      "surprise_percent": 2.9994045970993004,
      "price_on_date": 158.72877863907854,
      "revenue_growth": 52.362886834567774,
      "earnings_growth": 37.16736171737129
    },
    {
      "date": "2024-05-04",
      "quarter": "Q2 2024",
      "revenue": 14098972231.075706,
      "earnings": 1081908445.3860583,
      "eps_actual": 0.46034067452401733,
      "eps_estimate": 0.4416710542070619,
      "surprise_percent": 4.227041853687533,
      "price_on_date": 151.47369793930892,
      "revenue_growth": 40.7035593905164,
      "earnings_growth": 56.437478893452344
    },
    {
      "date": "2024-02-04",
      "quarter": "Q1 2024",
      "revenue": 13394023619.521923,
      "earnings": 1027813023.1167556,
      "eps_actual": 0.43732364079781655,
      "eps_estimate": 0.41982969354916977,
      "surprise_percent": 4.166915184287201,
      "price_on_date": 147.42359541512963,
      "revenue_growth": 49.243493662124564,
      "earnings_growth": 59.39628602483778
    },
    {
      "date": "2023-11-06",
      "quarter": "Q4 2023",
      "revenue": 12724322438.545824,
      "earnings": 976422371.9609176,
      "eps_actual": 0.41545745875792567,
      "eps_estimate": 0.3971344771838128,
      "surprise_percent": 4.613797750335369,
      "price_on_date": 146.81311261148642,
      "revenue_growth": 40.488601648070215,
      "earnings_growth": 48.26002364994486
    }
  ],
  "metrics": {
    "revenue_trend": [
      {
        "date": "2025-07-28",
        "value": 18220883389.332283
      },
      {
        "date": "2025-04-29",
        "value": 17309839219.86567
      },
      {
        "date": "2025-01-29",
        "value": 16444347258.872385
      },
      {
        "date": "2024-10-31",
        "value": 15622129895.928764
      },
      {
        "date": "2024-08-02",
        "value": 14841023401.132326
      },
      {
        "date": "2024-05-04",
        "value": 14098972231.075706
      },
      {
        "date": "2024-02-04",
        "value": 13394023619.521923
      },
      {
        "date": "2023-11-06",
        "value": 12724322438.545824
      }
    ],
    "eps_trend": [
      {
        "date": "2025-07-28",
        "value": 0.5949237726265614
      },
      {
        "date": "2025-04-29",
        "value": 0.5651775839952334
      },
      {
        "date": "2025-01-29",
        "value": 0.5369187047954717
      },
      {
        "date": "2024-10-31",
        "value": 0.5100727695556981
      },
      {
        "date": "2024-08-02",
        "value": 0.48456913107791316
      },
      {
        "date": "2024-05-04",
        "value": 0.46034067452401733
      },
      {
        "date": "2024-02-04",
        "value": 0.43732364079781655
      },
      {
        "date": "2023-11-06",
        "value": 0.41545745875792567
      }
    ],
    "earnings_dates": [
      "2025-07-28",
      "2025-04-29",
      "2025-01-29",
      "2024-10-31",
      "2024-08-02",
      "2024-05-04",
      "2024-02-04",
      "2023-11-06"
    ]
  },
  "analysis": {
    "avg_revenue_growth": 52.63887011456236,
    "avg_earnings_surprise": 2.6180384168476527,
    "consistency_score": 79,
    "trend_direction": "growing"
  }
}