{
  "ticker": "ACGL",
  "quarters": [
    {
      "date": "2025-07-28",
      "quarter": "Q3 2025",
      "revenue": 31995465.949632507,
      "earnings": 2000554.399123892,
      "eps_actual": 0.000696241758260277,
      "eps_estimate": 0.0006959952474946931,
      "surprise_percent": 0.035418455294246205,
      "price_on_date": 0.16467816410884417,
      "revenue_growth": 48.24331185853018,
      "earnings_growth": 55.249017421256795
    },
    {
      "date": "2025-04-29",
      "quarter": "Q2 2025",
      "revenue": 30395692.65215088,
      "earnings": 1900526.6791676972,
      "eps_actual": 0.0006614296703472631,
      "eps_estimate": 0.0006689930833969465,
      "surprise_percent": -1.130566703511883,
      "price_on_date": 0.17626116477727674,
      "revenue_growth": 42.29491649702823,
      "earnings_growth": 40.06254934099341
    },
    {
      "date": "2025-01-29",
      "quarter": "Q1 2025",
      "revenue": 28875908.019543335,
      "earnings": 1805500.3452093122,
      "eps_actual": 0.0006283581868298999,
      "eps_estimate": 0.0006015271744145531,
      "surprise_percent": 4.4604821787911,
      "price_on_date": 0.14719991599617122,
      "revenue_growth": 51.97642689529804,
      "earnings_growth": 46.76670381567299
    },
    {
      "date": "2024-10-31",
      "quarter": "Q4 2024",
      "revenue": 27432112.618566167,
      "earnings": 1715225.3279488466,
      "eps_actual": 0.000596940277488405,
      "eps_estimate": 0.0006066278224960961,
      "surprise_percent": -1.5969503290880502,
      "price_on_date": 0.16336419099084692,
      "revenue_growth": 50.69046786488248,
      "earnings_growth": 51.26207642268048
    },
    {
      "date": "2024-08-02",
      "quarter": "Q3 2024",
      "revenue": 26060506.98763786,
      "earnings": 1629464.0615514042,
      "eps_actual": 0.0005670932636139847,
      "eps_estimate": 0.0005676398503209527,
      "surprise_percent": -0.09629110899438072,
      "price_on_date": 0.13567229178335255,
      "revenue_growth": 50.795250498262824,
      "earnings_growth": 42.374340714636205
    },
    {
      "date": "2024-05-04",
      "quarter": "Q2 2024",
      "revenue": 24757481.63825596,
      "earnings": 1547990.8584738337,
      "eps_actual": 0.0005387386004332853,
      "eps_estimate": 0.000543886310141921,
      "surprise_percent": -0.9464679681480537,
      "price_on_date": 0.14183036318769868,
      "revenue_growth": 43.086419297006124,
      "earnings_growth": 56.25118136854743
    },
    {
      "date": "2024-02-04",
      "quarter": "Q1 2024",
      "revenue": 23519607.556343164,
      "earnings": 1470591.3155501422,
      "eps_actual": 0.0005118016704116212,
      "eps_estimate": 0.0004988545248139548,
      "surprise_percent": 2.5953749948434157,
      "price_on_date": 0.1236700908120719,
      "revenue_growth": 37.45032151496069,
      "earnings_growth": 46.602394147798734
    },
    {
      "date": "2023-11-06",
      "quarter": "Q4 2023",
      "revenue": 22343627.178526003,
      "earnings": 1397061.7497726348,
      "eps_actual": 0.00048621158689103995,
      "eps_estimate": 0.0004807280586419897,
      "surprise_percent": 1.1406715606616988,
      "price_on_date": 0.11556321136776355,
      "revenue_growth": 37.284313870836804,
      "earnings_growth": 43.80699743975049
    }
  ],
  "metrics": {
    "revenue_trend": [
      {
        "date": "2025-07-28",
        "value": 31995465.949632507
      },
      {
        "date": "2025-04-29",
        "value": 30395692.65215088
      },
      {
        "date": "2025-01-29",
        "value": 28875908.019543335
      },
      {
        "date": "2024-10-31",
        "value": 27432112.618566167
      },
      {
        "date": "2024-08-02",
        "value": 26060506.98763786
      },
      {
        "date": "2024-05-04",
        "value": 24757481.63825596
      },
      {
        "date": "2024-02-04",
        "value": 23519607.556343164
      },
      {
        "date": "2023-11-06",
        "value": 22343627.178526003
      }
    ],
    "eps_trend": [
      {
        "date": "2025-07-28",
        "value": 0.000696241758260277
      },
      {
        "date": "2025-04-29",
        "value": 0.0006614296703472631
      },
      {
        "date": "2025-01-29",
        "value": 0.0006283581868298999
      },
      {
        "date": "2024-10-31",
        "value": 0.000596940277488405
      },
      {
        "date": "2024-08-02",
        "value": 0.0005670932636139847
      },
      {
        "date": "2024-05-04",
        "value": 0.0005387386004332853
      },
      {
        "date": "2024-02-04",
        "value": 0.0005118016704116212
      },
      {
        "date": "2023-11-06",
        "value": 0.00048621158689103995
      }
    ],
    "earnings_dates": [
      "2025-07-28",
      "2025-04-29",
      "2025-01-29",
      "2024-10-31",
      "2024-08-02",
      "2024-05-04",
      "2024-02-04",
      "2023-11-06"
    ]
  },
  "analysis": {
    "avg_revenue_growth": 48.301280778934725,
    "avg_earnings_surprise": 0.44209590037135327,
    "consistency_score": 76,
    "trend_direction": "growing"
  }
}