{
  "ticker": "ACN",
  "quarters": [
    {
      "date": "2025-07-28",
      "quarter": "Q3 2025",
      "revenue": 81413286.7579791,
      "earnings": 9424992.767709585,
      "eps_actual": 0.0037101471514073264,
      "eps_estimate": 0.003575776566558193,
      "surprise_percent": 3.7578014830627344,
      "price_on_date": 0.18339602490032345,
      "revenue_growth": -20.270977439168227,
      "earnings_growth": -18.859248786021766
    },
    {
      "date": "2025-04-29",
      "quarter": "Q2 2025",
      "revenue": 77342622.42008014,
      "earnings": 8953743.129324105,
      "eps_actual": 0.0035246397938369597,
      "eps_estimate": 0.0033646704453449854,
      "surprise_percent": 4.7543838569180386,
      "price_on_date": 0.15413827074899217,
      "revenue_growth": -16.2360344940455,
      "earnings_growth": -13.267558965477114
    },
    {
      "date": "2025-01-29",
      "quarter": "Q1 2025",
      "revenue": 73475491.29907613,
      "earnings": 8506055.972857898,
      "eps_actual": 0.0033484078041451115,
      "eps_estimate": 0.003307019041442696,
      "surprise_percent": 1.2515429207918751,
      "price_on_date": 0.1702981773223934,
      "revenue_growth": -19.801800232795053,
      "earnings_growth": -13.181173220062552
    },
    {
      "date": "2024-10-31",
      "quarter": "Q4 2024",
      "revenue": 69801716.73412232,
      "earnings": 8080753.174215004,
      "eps_actual": 0.003180987413937856,
      "eps_estimate": 0.0031982419846484675,
      "surprise_percent": -0.5395017260555435,
      "price_on_date": 0.14110253961553657,
      "revenue_growth": -21.92605538005158,
      "earnings_growth": -19.889206184561104
    },
    {
      "date": "2024-08-02",
      "quarter": "Q3 2024",
      "revenue": 66311630.8974162,
      "earnings": 7676715.515504253,
      "eps_actual": 0.003021938043240963,
      "eps_estimate": 0.002995951746486709,
      "surprise_percent": 0.86738035032532,
      "price_on_date": 0.13860759856463545,
      "revenue_growth": -15.30604097907314,
      "earnings_growth": -15.888395562315694
    },
    {
      "date": "2024-05-04",
      "quarter": "Q2 2024",
      "revenue": 62996049.35254538,
      "earnings": 7292879.739729039,
      "eps_actual": 0.0028708411410789145,
      "eps_estimate": 0.002914058089910223,
      "surprise_percent": -1.4830503544505558,
      "price_on_date": 0.1296118710636275,
      "revenue_growth": -15.28715994432595,
      "earnings_growth": -15.731085422333404
    },
    {
      "date": "2024-02-04",
      "quarter": "Q1 2024",
      "revenue": 59846246.884918116,
      "earnings": 6928235.752742588,
      "eps_actual": 0.0027272990840249687,
      "eps_estimate": 0.0026380794344715215,
      "surprise_percent": 3.3819925354643594,
      "price_on_date": 0.11579123844792812,
      "revenue_growth": -19.52953856393245,
      "earnings_growth": -20.682299566232967
    },
    {
      "date": "2023-11-06",
      "quarter": "Q4 2023",
      "revenue": 56853934.5406722,
      "earnings": 6581823.965105457,
      "eps_actual": 0.00259093412982372,
      "eps_estimate": 0.002572278435071003,
      "surprise_percent": 0.7252595402722025,
      "price_on_date": 0.11547466117852323,
      "revenue_growth": -16.921054972485376,
      "earnings_growth": -18.708843284020364
    }
  ],
  "metrics": {
    "revenue_trend": [
      {
        "date": "2025-07-28",
        "value": 81413286.7579791
      },
      {
        "date": "2025-04-29",
        "value": 77342622.42008014
      },
      {
        "date": "2025-01-29",
        "value": 73475491.29907613
      },
      {
        "date": "2024-10-31",
        "value": 69801716.73412232
      },
      {
        "date": "2024-08-02",
        "value": 66311630.8974162
      },
      {
        "date": "2024-05-04",
        "value": 62996049.35254538
      },
      {
        "date": "2024-02-04",
        "value": 59846246.884918116
      },
      {
        "date": "2023-11-06",
        "value": 56853934.5406722
      }
    ],
    "eps_trend": [
      {
        "date": "2025-07-28",
        "value": 0.0037101471514073264
      },
      {
        "date": "2025-04-29",
        "value": 0.0035246397938369597
      },
      {
        "date": "2025-01-29",
        "value": 0.0033484078041451115
      },
      {
        "date": "2024-10-31",
        "value": 0.003180987413937856
      },
      {
        "date": "2024-08-02",
        "value": 0.003021938043240963
      },
      {
        "date": "2024-05-04",
        "value": 0.0028708411410789145
      },
      {
        "date": "2024-02-04",
        "value": 0.0027272990840249687
      },
      {
        "date": "2023-11-06",
        "value": 0.00259093412982372
      }
    ],
    "earnings_dates": [
      "2025-07-28",
      "2025-04-29",
      "2025-01-29",
      "2024-10-31",
      "2024-08-02",
      "2024-05-04",
      "2024-02-04",
      "2023-11-06"
    ]
  },
  "analysis": {
    "avg_revenue_growth": -19.558716886515093,
    "avg_earnings_surprise": 2.306056633679276,
    "consistency_score": 70,
    "trend_direction": "declining"
  }
}