{
  "ticker": "ADBE",
  "quarters": [
    {
      "date": "2025-07-28",
      "quarter": "Q3 2025",
      "revenue": 126039481.59295888,
      "earnings": 1930466.898480386,
      "eps_actual": 0.0011863683370534719,
      "eps_estimate": 0.0011870024663076131,
      "surprise_percent": -0.053422741076000146,
      "price_on_date": 50.058514679198794,
      "revenue_growth": -6.634602696309584,
      "earnings_growth": -7.597282141144444
    },
    {
      "date": "2025-04-29",
      "quarter": "Q2 2025",
      "revenue": 119737507.51331094,
      "earnings": 1833943.5535563668,
      "eps_actual": 0.0011270499202007983,
      "eps_estimate": 0.0010796638173417952,
      "surprise_percent": 4.388968315680981,
      "price_on_date": 41.66241262014741,
      "revenue_growth": -8.052686991299337,
      "earnings_growth": -9.06934686134974
    },
    {
      "date": "2025-01-29",
      "quarter": "Q1 2025",
      "revenue": 113750632.1376454,
      "earnings": 1742246.3758785485,
      "eps_actual": 0.0010706974241907585,
      "eps_estimate": 0.0010908096643461988,
      "surprise_percent": -1.8437900591479488,
      "price_on_date": 43.79351017420053,
      "revenue_growth": -8.036674469514873,
      "earnings_growth": -8.627544847124907
    },
    {
      "date": "2024-10-31",
      "quarter": "Q4 2024",
      "revenue": 108063100.5307631,
      "earnings": 1655134.0570846207,
      "eps_actual": 0.0010171625529812203,
      "eps_estimate": 0.0009801075097938237,
      "surprise_percent": 3.780712097103668,
      "price_on_date": 39.906878263649936,
      "revenue_growth": -6.993025954223469,
      "earnings_growth": -7.548473032415438
    },
    {
      "date": "2024-08-02",
      "quarter": "Q3 2024",
      "revenue": 102659945.50422496,
      "earnings": 1572377.3542303897,
      "eps_actual": 0.0009663044253321593,
      "eps_estimate": 0.000933367679782408,
      "surprise_percent": 3.5288071639066922,
      "price_on_date": 36.32385206467684,
      "revenue_growth": -8.255615468229418,
      "earnings_growth": -8.060891762315523
    },
    {
      "date": "2024-05-04",
      "quarter": "Q2 2024",
      "revenue": 97526948.22901368,
      "earnings": 1493758.4865188699,
      "eps_actual": 0.0009179892040655512,
      "eps_estimate": 0.000907115457794888,
      "surprise_percent": 1.198716897306122,
      "price_on_date": 35.28333443064059,
      "revenue_growth": -8.033715144385264,
      "earnings_growth": -6.594245520649729
    },
    {
      "date": "2024-02-04",
      "quarter": "Q1 2024",
      "revenue": 92650600.81756301,
      "earnings": 1419070.5621929266,
      "eps_actual": 0.0008720897438622738,
      "eps_estimate": 0.0008573417112603374,
      "surprise_percent": 1.7202047221353596,
      "price_on_date": 33.04203128149241,
      "revenue_growth": -6.143639702207449,
      "earnings_growth": -6.313154863442306
    },
    {
      "date": "2023-11-06",
      "quarter": "Q4 2023",
      "revenue": 88018070.77668485,
      "earnings": 1348117.0340832802,
      "eps_actual": 0.0008284852566691601,
      "eps_estimate": 0.000836175476595931,
      "surprise_percent": -0.9196897232716944,
      "price_on_date": 31.431079157761616,
      "revenue_growth": -7.0871834672542855,
      "earnings_growth": -7.174627813187738
    }
  ],
  "metrics": {
    "revenue_trend": [
      {
        "date": "2025-07-28",
        "value": 126039481.59295888
      },
      {
        "date": "2025-04-29",
        "value": 119737507.51331094
      },
      {
        "date": "2025-01-29",
        "value": 113750632.1376454
      },
      {
        "date": "2024-10-31",
        "value": 108063100.5307631
      },
      {
        "date": "2024-08-02",
        "value": 102659945.50422496
      },
      {
        "date": "2024-05-04",
        "value": 97526948.22901368
      },
      {
        "date": "2024-02-04",
        "value": 92650600.81756301
      },
      {
        "date": "2023-11-06",
        "value": 88018070.77668485
      }
    ],
    "eps_trend": [
      {
        "date": "2025-07-28",
        "value": 0.0011863683370534719
      },
      {
        "date": "2025-04-29",
        "value": 0.0011270499202007983
      },
      {
        "date": "2025-01-29",
        "value": 0.0010706974241907585
      },
      {
        "date": "2024-10-31",
        "value": 0.0010171625529812203
      },
      {
        "date": "2024-08-02",
        "value": 0.0009663044253321593
      },
      {
        "date": "2024-05-04",
        "value": 0.0009179892040655512
      },
      {
        "date": "2024-02-04",
        "value": 0.0008720897438622738
      },
      {
        "date": "2023-11-06",
        "value": 0.0008284852566691601
      }
    ],
    "earnings_dates": [
      "2025-07-28",
      "2025-04-29",
      "2025-01-29",
      "2024-10-31",
      "2024-08-02",
      "2024-05-04",
      "2024-02-04",
      "2023-11-06"
    ]
  },
  "analysis": {
    "avg_revenue_growth": -7.429247527836816,
    "avg_earnings_surprise": 1.568116903140175,
    "consistency_score": 67,
    "trend_direction": "declining"
  }
}