{
  "ticker": "ADI",
  "quarters": [
    {
      "date": "2025-07-28",
      "quarter": "Q3 2025",
      "revenue": 58960397.575495124,
      "earnings": 9223463.73758312,
      "eps_actual": 0.0033334150767210854,
      "eps_estimate": 0.0033464477986779075,
      "surprise_percent": -0.38944943237934143,
      "price_on_date": 0.5249540883956768,
      "revenue_growth": 18.32504944419925,
      "earnings_growth": 15.668339657928124
    },
    {
      "date": "2025-04-29",
      "quarter": "Q2 2025",
      "revenue": 56012377.69672036,
      "earnings": 8762290.550703963,
      "eps_actual": 0.0031667443228850308,
      "eps_estimate": 0.003201860492898204,
      "surprise_percent": -1.0967426623071692,
      "price_on_date": 0.48237504176391965,
      "revenue_growth": 17.669988684791132,
      "earnings_growth": 12.57207720776378
    },
    {
      "date": "2025-01-29",
      "quarter": "Q1 2025",
      "revenue": 53211758.81188435,
      "earnings": 8324176.023168766,
      "eps_actual": 0.0030084071067407797,
      "eps_estimate": 0.0028621711079835238,
      "surprise_percent": 5.10926821773011,
      "price_on_date": 0.46053056246608953,
      "revenue_growth": 17.2881909092866,
      "earnings_growth": 14.940884386980116
    },
    {
      "date": "2024-10-31",
      "quarter": "Q4 2024",
      "revenue": 50551170.871290125,
      "earnings": 7907967.222010327,
      "eps_actual": 0.0028579867514037403,
      "eps_estimate": 0.002830970301524533,
      "surprise_percent": 0.9543176720949098,
      "price_on_date": 0.4900345804591764,
      "revenue_growth": 16.322768573815168,
      "earnings_growth": 18.026662169532745
    },
    {
      "date": "2024-08-02",
      "quarter": "Q3 2024",
      "revenue": 48023612.32772562,
      "earnings": 7512568.86090981,
      "eps_actual": 0.002715087413833553,
      "eps_estimate": 0.0027434373590853487,
      "surprise_percent": -1.0333731571420837,
      "price_on_date": 0.38421010648808207,
      "revenue_growth": 16.4824435784441,
      "earnings_growth": 13.167470686932074
    },
    {
      "date": "2024-05-04",
      "quarter": "Q2 2024",
      "revenue": 45622431.71133933,
      "earnings": 7136940.417864319,
      "eps_actual": 0.002579333043141875,
      "eps_estimate": 0.0024730451048427127,
      "surprise_percent": 4.297856844221301,
      "price_on_date": 0.4324602690478598,
      "revenue_growth": 16.866655716105743,
      "earnings_growth": 20.661488346182068
    },
    {
      "date": "2024-02-04",
      "quarter": "Q1 2024",
      "revenue": 43341310.125772364,
      "earnings": 6780093.396971103,
      "eps_actual": 0.0024503663909847813,
      "eps_estimate": 0.002381846037569823,
      "surprise_percent": 2.8767750868090918,
      "price_on_date": 0.36359118894960946,
      "revenue_growth": 17.321332269770156,
      "earnings_growth": 13.149454342396126
    },
    {
      "date": "2023-11-06",
      "quarter": "Q4 2023",
      "revenue": 41174244.61948374,
      "earnings": 6441088.727122546,
      "eps_actual": 0.002327848071435542,
      "eps_estimate": 0.0022565354390607414,
      "surprise_percent": 3.1602708798796293,
      "price_on_date": 0.36966201600361387,
      "revenue_growth": 16.292724590698363,
      "earnings_growth": 11.55934244977361
    }
  ],
  "metrics": {
    "revenue_trend": [
      {
        "date": "2025-07-28",
        "value": 58960397.575495124
      },
      {
        "date": "2025-04-29",
        "value": 56012377.69672036
      },
      {
        "date": "2025-01-29",
        "value": 53211758.81188435
      },
      {
        "date": "2024-10-31",
        "value": 50551170.871290125
      },
      {
        "date": "2024-08-02",
        "value": 48023612.32772562
      },
      {
        "date": "2024-05-04",
        "value": 45622431.71133933
      },
      {
        "date": "2024-02-04",
        "value": 43341310.125772364
      },
      {
        "date": "2023-11-06",
        "value": 41174244.61948374
      }
    ],
    "eps_trend": [
      {
        "date": "2025-07-28",
        "value": 0.0033334150767210854
      },
      {
        "date": "2025-04-29",
        "value": 0.0031667443228850308
      },
      {
        "date": "2025-01-29",
        "value": 0.0030084071067407797
      },
      {
        "date": "2024-10-31",
        "value": 0.0028579867514037403
      },
      {
        "date": "2024-08-02",
        "value": 0.002715087413833553
      },
      {
        "date": "2024-05-04",
        "value": 0.002579333043141875
      },
      {
        "date": "2024-02-04",
        "value": 0.0024503663909847813
      },
      {
        "date": "2023-11-06",
        "value": 0.002327848071435542
      }
    ],
    "earnings_dates": [
      "2025-07-28",
      "2025-04-29",
      "2025-01-29",
      "2024-10-31",
      "2024-08-02",
      "2024-05-04",
      "2024-02-04",
      "2023-11-06"
    ]
  },
  "analysis": {
    "avg_revenue_growth": 17.40149940302304,
    "avg_earnings_surprise": 1.1443484487846272,
    "consistency_score": 76,
    "trend_direction": "growing"
  }
}