{
  "ticker": "ADM",
  "quarters": [
    {
      "date": "2025-07-28",
      "quarter": "Q3 2025",
      "revenue": 98243616.23065335,
      "earnings": 4600740.417490533,
      "eps_actual": 0.004765345282091884,
      "eps_estimate": 0.00458913810097599,
      "surprise_percent": 3.839657409272987,
      "price_on_date": 1.4977512598206864,
      "revenue_growth": 6.456995425276793,
      "earnings_growth": 4.59656523669172
    },
    {
      "date": "2025-04-29",
      "quarter": "Q2 2025",
      "revenue": 93331435.41912067,
      "earnings": 4370703.396616005,
      "eps_actual": 0.004527078017987289,
      "eps_estimate": 0.004471074688376982,
      "surprise_percent": 1.252569762609717,
      "price_on_date": 1.4577191304202628,
      "revenue_growth": 6.385863646042101,
      "earnings_growth": 7.472387784434949
    },
    {
      "date": "2025-01-29",
      "quarter": "Q1 2025",
      "revenue": 88664863.64816464,
      "earnings": 4152168.226785206,
      "eps_actual": 0.004300724117087926,
      "eps_estimate": 0.004108431880666829,
      "surprise_percent": 4.680428981334037,
      "price_on_date": 1.5438779123073234,
      "revenue_growth": 5.174567938441361,
      "earnings_growth": 7.5933557705704455
    },
    {
      "date": "2024-10-31",
      "quarter": "Q4 2024",
      "revenue": 84231620.4657564,
      "earnings": 3944559.8154459447,
      "eps_actual": 0.004085687911233529,
      "eps_estimate": 0.004071762365588444,
      "surprise_percent": 0.34200290672102485,
      "price_on_date": 1.4182510484544197,
      "revenue_growth": 5.548244520808369,
      "earnings_growth": 5.382190032569506
    },
    {
      "date": "2024-08-02",
      "quarter": "Q3 2024",
      "revenue": 80020039.44246858,
      "earnings": 3747331.8246736475,
      "eps_actual": 0.0038814035156718523,
      "eps_estimate": 0.0038671061799984666,
      "surprise_percent": 0.3697166565359573,
      "price_on_date": 1.3922154113281089,
      "revenue_growth": 6.0701554029464315,
      "earnings_growth": 6.981650075531959
    },
    {
      "date": "2024-05-04",
      "quarter": "Q2 2024",
      "revenue": 76019037.47034514,
      "earnings": 3559965.2334399647,
      "eps_actual": 0.003687333339888259,
      "eps_estimate": 0.0035300376947628304,
      "surprise_percent": 4.455919701899865,
      "price_on_date": 1.3527548088251127,
      "revenue_growth": 6.6341386862092095,
      "earnings_growth": 4.469968494940435
    },
    {
      "date": "2024-02-04",
      "quarter": "Q1 2024",
      "revenue": 72218085.59682788,
      "earnings": 3381966.971767966,
      "eps_actual": 0.003502966672893846,
      "eps_estimate": 0.003428205232475746,
      "surprise_percent": 2.1807749346473506,
      "price_on_date": 1.2275474401894448,
      "revenue_growth": 5.514853536080836,
      "earnings_growth": 6.894031594835863
    },
    {
      "date": "2023-11-06",
      "quarter": "Q4 2023",
      "revenue": 68607181.31698649,
      "earnings": 3212868.623179568,
      "eps_actual": 0.0033278183392491537,
      "eps_estimate": 0.0033685119586932483,
      "surprise_percent": -1.2080592244618584,
      "price_on_date": 1.2044714705950528,
      "revenue_growth": 5.672566028292026,
      "earnings_growth": 7.419198657158291
    }
  ],
  "metrics": {
    "revenue_trend": [
      {
        "date": "2025-07-28",
        "value": 98243616.23065335
      },
      {
        "date": "2025-04-29",
        "value": 93331435.41912067
      },
      {
        "date": "2025-01-29",
        "value": 88664863.64816464
      },
      {
        "date": "2024-10-31",
        "value": 84231620.4657564
      },
      {
        "date": "2024-08-02",
        "value": 80020039.44246858
      },
      {
        "date": "2024-05-04",
        "value": 76019037.47034514
      },
      {
        "date": "2024-02-04",
        "value": 72218085.59682788
      },
      {
        "date": "2023-11-06",
        "value": 68607181.31698649
      }
    ],
    "eps_trend": [
      {
        "date": "2025-07-28",
        "value": 0.004765345282091884
      },
      {
        "date": "2025-04-29",
        "value": 0.004527078017987289
      },
      {
        "date": "2025-01-29",
        "value": 0.004300724117087926
      },
      {
        "date": "2024-10-31",
        "value": 0.004085687911233529
      },
      {
        "date": "2024-08-02",
        "value": 0.0038814035156718523
      },
      {
        "date": "2024-05-04",
        "value": 0.003687333339888259
      },
      {
        "date": "2024-02-04",
        "value": 0.003502966672893846
      },
      {
        "date": "2023-11-06",
        "value": 0.0033278183392491537
      }
    ],
    "earnings_dates": [
      "2025-07-28",
      "2025-04-29",
      "2025-01-29",
      "2024-10-31",
      "2024-08-02",
      "2024-05-04",
      "2024-02-04",
      "2023-11-06"
    ]
  },
  "analysis": {
    "avg_revenue_growth": 5.8914178826421555,
    "avg_earnings_surprise": 2.528664764984441,
    "consistency_score": 85,
    "trend_direction": "growing"
  }
}