{
  "ticker": "ADP",
  "quarters": [
    {
      "date": "2025-07-28",
      "quarter": "Q3 2025",
      "revenue": 72888708.88011,
      "earnings": 16519364.955587313,
      "eps_actual": 0.0069528724274309185,
      "eps_estimate": 0.0067516008897778885,
      "surprise_percent": 2.9810935352793244,
      "price_on_date": 0.7670842594810222,
      "revenue_growth": 0.6609014774783047,
      "earnings_growth": 0.6491245151885279
    },
    {
      "date": "2025-04-29",
      "quarter": "Q2 2025",
      "revenue": 69244273.43610449,
      "earnings": 15693396.707807945,
      "eps_actual": 0.006605228806059372,
      "eps_estimate": 0.0063370022562564245,
      "surprise_percent": 4.2327040287563715,
      "price_on_date": 0.6440899248658447,
      "revenue_growth": 0.7336456428927821,
      "earnings_growth": 0.6928510358507013
    },
    {
      "date": "2025-01-29",
      "quarter": "Q1 2025",
      "revenue": 65782059.764299266,
      "earnings": 14908726.872417549,
      "eps_actual": 0.006274967365756404,
      "eps_estimate": 0.006086006454062293,
      "surprise_percent": 3.1048424466915114,
      "price_on_date": 0.626935317312938,
      "revenue_growth": 0.8238113751780409,
      "earnings_growth": 0.5392967152627162
    },
    {
      "date": "2024-10-31",
      "quarter": "Q4 2024",
      "revenue": 62492956.7760843,
      "earnings": 14163290.52879667,
      "eps_actual": 0.0059612189974685825,
      "eps_estimate": 0.005945726601545854,
      "surprise_percent": 0.2605635435490838,
      "price_on_date": 0.6225693585441858,
      "revenue_growth": 0.8631702456489913,
      "earnings_growth": 0.7256909301553675
    },
    {
      "date": "2024-08-02",
      "quarter": "Q3 2024",
      "revenue": 59368308.93728008,
      "earnings": 13455126.002356837,
      "eps_actual": 0.005663158047595154,
      "eps_estimate": 0.005412321657742445,
      "surprise_percent": 4.6345432831746445,
      "price_on_date": 0.5813072554490912,
      "revenue_growth": 0.5902512677939462,
      "earnings_growth": 0.6367164242879619
    },
    {
      "date": "2024-05-04",
      "quarter": "Q2 2024",
      "revenue": 56399893.49041607,
      "earnings": 12782369.702238994,
      "eps_actual": 0.0053800001452153955,
      "eps_estimate": 0.005190731660237619,
      "surprise_percent": 3.6462775840951833,
      "price_on_date": 0.5919660252888458,
      "revenue_growth": 0.639175088350147,
      "earnings_growth": 0.8248443930685567
    },
    {
      "date": "2024-02-04",
      "quarter": "Q1 2024",
      "revenue": 53579898.81589527,
      "earnings": 12143251.217127044,
      "eps_actual": 0.005111000137954626,
      "eps_estimate": 0.005130477087945436,
      "surprise_percent": -0.3796323354912361,
      "price_on_date": 0.5750940731182532,
      "revenue_growth": 0.615004395460794,
      "earnings_growth": 0.7489278461244102
    },
    {
      "date": "2023-11-06",
      "quarter": "Q4 2023",
      "revenue": 50900903.8751005,
      "earnings": 11536088.65627069,
      "eps_actual": 0.004855450131056894,
      "eps_estimate": 0.004710559814373934,
      "surprise_percent": 3.075861944069531,
      "price_on_date": 0.4762387804468519,
      "revenue_growth": 0.6039211050167803,
      "earnings_growth": 0.9296701030171121
    }
  ],
  "metrics": {
    "revenue_trend": [
      {
        "date": "2025-07-28",
        "value": 72888708.88011
      },
      {
        "date": "2025-04-29",
        "value": 69244273.43610449
      },
      {
        "date": "2025-01-29",
        "value": 65782059.764299266
      },
      {
        "date": "2024-10-31",
        "value": 62492956.7760843
      },
      {
        "date": "2024-08-02",
        "value": 59368308.93728008
      },
      {
        "date": "2024-05-04",
        "value": 56399893.49041607
      },
      {
        "date": "2024-02-04",
        "value": 53579898.81589527
      },
      {
        "date": "2023-11-06",
        "value": 50900903.8751005
      }
    ],
    "eps_trend": [
      {
        "date": "2025-07-28",
        "value": 0.0069528724274309185
      },
      {
        "date": "2025-04-29",
        "value": 0.006605228806059372
      },
      {
        "date": "2025-01-29",
        "value": 0.006274967365756404
      },
      {
        "date": "2024-10-31",
        "value": 0.0059612189974685825
      },
      {
        "date": "2024-08-02",
        "value": 0.005663158047595154
      },
      {
        "date": "2024-05-04",
        "value": 0.0053800001452153955
      },
      {
        "date": "2024-02-04",
        "value": 0.005111000137954626
      },
      {
        "date": "2023-11-06",
        "value": 0.004855450131056894
      }
    ],
    "earnings_dates": [
      "2025-07-28",
      "2025-04-29",
      "2025-01-29",
      "2024-10-31",
      "2024-08-02",
      "2024-05-04",
      "2024-02-04",
      "2023-11-06"
    ]
  },
  "analysis": {
    "avg_revenue_growth": 0.7703821852995297,
    "avg_earnings_surprise": 2.644800888569073,
    "consistency_score": 84,
    "trend_direction": "stable"
  }
}