{
  "ticker": "ADSK",
  "quarters": [
    {
      "date": "2025-07-28",
      "quarter": "Q3 2025",
      "revenue": 70092331.65444624,
      "earnings": 1598375.3350562316,
      "eps_actual": 0.00039531862664118303,
      "eps_estimate": 0.0003830432930583317,
      "surprise_percent": 3.2046856857462336,
      "price_on_date": 0.4615182683243186,
      "revenue_growth": 11.408308923907233,
      "earnings_growth": 13.3448181004076
    },
    {
      "date": "2025-04-29",
      "quarter": "Q2 2025",
      "revenue": 66587715.07172393,
      "earnings": 1518456.56830342,
      "eps_actual": 0.0003755526953091239,
      "eps_estimate": 0.0003582766985731279,
      "surprise_percent": 4.82197050625937,
      "price_on_date": 0.4359511111714996,
      "revenue_growth": 11.1663717092326,
      "earnings_growth": 11.713836496574041
    },
    {
      "date": "2025-01-29",
      "quarter": "Q1 2025",
      "revenue": 63258329.318137735,
      "earnings": 1442533.739888249,
      "eps_actual": 0.00035677506054366767,
      "eps_estimate": 0.0003594592273467439,
      "surprise_percent": -0.7467235777722829,
      "price_on_date": 0.4415933990254118,
      "revenue_growth": 12.042640750685187,
      "earnings_growth": 13.2637848430697
    },
    {
      "date": "2024-10-31",
      "quarter": "Q4 2024",
      "revenue": 60095412.85223084,
      "earnings": 1370407.0528938363,
      "eps_actual": 0.00033893630751648425,
      "eps_estimate": 0.0003303966597175911,
      "surprise_percent": 2.5846652947982203,
      "price_on_date": 0.4485870659135877,
      "revenue_growth": 12.998348167887835,
      "earnings_growth": 8.834997291450527
    },
    {
      "date": "2024-08-02",
      "quarter": "Q3 2024",
      "revenue": 57090642.2096193,
      "earnings": 1301886.7002491446,
      "eps_actual": 0.00032198949214066005,
      "eps_estimate": 0.00031754143061057434,
      "surprise_percent": 1.4007814733129145,
      "price_on_date": 0.412294785844268,
      "revenue_growth": 10.840279822836198,
      "earnings_growth": 9.427880052928488
    },
    {
      "date": "2024-05-04",
      "quarter": "Q2 2024",
      "revenue": 54236110.09913833,
      "earnings": 1236792.3652366872,
      "eps_actual": 0.000305890017533627,
      "eps_estimate": 0.00030216756352851074,
      "surprise_percent": 1.2319171394996684,
      "price_on_date": 0.34062447033300647,
      "revenue_growth": 12.002225370604847,
      "earnings_growth": 10.938650848927521
    },
    {
      "date": "2024-02-04",
      "quarter": "Q1 2024",
      "revenue": 51524304.59418141,
      "earnings": 1174952.7469748529,
      "eps_actual": 0.0002905955166569457,
      "eps_estimate": 0.00027663024414539936,
      "surprise_percent": 5.048353463551891,
      "price_on_date": 0.36645352205958365,
      "revenue_growth": 11.401117976611173,
      "earnings_growth": 9.314151322381944
    },
    {
      "date": "2023-11-06",
      "quarter": "Q4 2023",
      "revenue": 48948089.36447234,
      "earnings": 1116205.1096261102,
      "eps_actual": 0.0002760657408240984,
      "eps_estimate": 0.0002687815572051299,
      "surprise_percent": 2.7100756817958698,
      "price_on_date": 0.3591333408821198,
      "revenue_growth": 12.856342724714395,
      "earnings_growth": 11.266670968999222
    }
  ],
  "metrics": {
    "revenue_trend": [
      {
        "date": "2025-07-28",
        "value": 70092331.65444624
      },
      {
        "date": "2025-04-29",
        "value": 66587715.07172393
      },
      {
        "date": "2025-01-29",
        "value": 63258329.318137735
      },
      {
        "date": "2024-10-31",
        "value": 60095412.85223084
      },
      {
        "date": "2024-08-02",
        "value": 57090642.2096193
      },
      {
        "date": "2024-05-04",
        "value": 54236110.09913833
      },
      {
        "date": "2024-02-04",
        "value": 51524304.59418141
      },
      {
        "date": "2023-11-06",
        "value": 48948089.36447234
      }
    ],
    "eps_trend": [
      {
        "date": "2025-07-28",
        "value": 0.00039531862664118303
      },
      {
        "date": "2025-04-29",
        "value": 0.0003755526953091239
      },
      {
        "date": "2025-01-29",
        "value": 0.00035677506054366767
      },
      {
        "date": "2024-10-31",
        "value": 0.00033893630751648425
      },
      {
        "date": "2024-08-02",
        "value": 0.00032198949214066005
      },
      {
        "date": "2024-05-04",
        "value": 0.000305890017533627
      },
      {
        "date": "2024-02-04",
        "value": 0.0002905955166569457
      },
      {
        "date": "2023-11-06",
        "value": 0.0002760657408240984
      }
    ],
    "earnings_dates": [
      "2025-07-28",
      "2025-04-29",
      "2025-01-29",
      "2024-10-31",
      "2024-08-02",
      "2024-05-04",
      "2024-02-04",
      "2023-11-06"
    ]
  },
  "analysis": {
    "avg_revenue_growth": 11.903917387928214,
    "avg_earnings_surprise": 2.4661494772578854,
    "consistency_score": 83,
    "trend_direction": "growing"
  }
}