{
  "ticker": "AEE",
  "quarters": [
    {
      "date": "2025-07-28",
      "quarter": "Q3 2025",
      "revenue": 51256150.77677731,
      "earnings": 13119841.801477676,
      "eps_actual": 0.0122390076914438,
      "eps_estimate": 0.012450025623205964,
      "surprise_percent": -1.6949196583888337,
      "price_on_date": 1.2846596381556856,
      "revenue_growth": 34.26774397464814,
      "earnings_growth": 45.44713667316302
    },
    {
      "date": "2025-04-29",
      "quarter": "Q2 2025",
      "revenue": 48693343.23793844,
      "earnings": 12463849.71140379,
      "eps_actual": 0.011627057306871608,
      "eps_estimate": 0.01180776459653584,
      "surprise_percent": -1.5304106733060052,
      "price_on_date": 1.33812988154131,
      "revenue_growth": 40.13681960216063,
      "earnings_growth": 38.43656457116645
    },
    {
      "date": "2025-01-29",
      "quarter": "Q1 2025",
      "revenue": 46258676.07604152,
      "earnings": 11840657.2258336,
      "eps_actual": 0.011045704441528026,
      "eps_estimate": 0.010837538482356458,
      "surprise_percent": 1.9207863437851969,
      "price_on_date": 1.2625650263348644,
      "revenue_growth": 32.243384725089804,
      "earnings_growth": 27.414541001300243
    },
    {
      "date": "2024-10-31",
      "quarter": "Q4 2024",
      "revenue": 43945742.27223944,
      "earnings": 11248624.36454192,
      "eps_actual": 0.010493419219451626,
      "eps_estimate": 0.010559216405469217,
      "surprise_percent": -0.6231256514783734,
      "price_on_date": 1.116989121550546,
      "revenue_growth": 30.47600949162771,
      "earnings_growth": 29.024912102891683
    },
    {
      "date": "2024-08-02",
      "quarter": "Q3 2024",
      "revenue": 41748455.15862747,
      "earnings": 10686193.146314826,
      "eps_actual": 0.009968748258479045,
      "eps_estimate": 0.009544401742948539,
      "surprise_percent": 4.446025292722155,
      "price_on_date": 1.058181573393316,
      "revenue_growth": 33.79804006929418,
      "earnings_growth": 38.07297420063866
    },
    {
      "date": "2024-05-04",
      "quarter": "Q2 2024",
      "revenue": 39661032.40069609,
      "earnings": 10151883.488999082,
      "eps_actual": 0.00947031084555509,
      "eps_estimate": 0.009263090329949568,
      "surprise_percent": 2.237055974025582,
      "price_on_date": 1.159484373593086,
      "revenue_growth": 30.4708155198125,
      "earnings_growth": 32.494934069493134
    },
    {
      "date": "2024-02-04",
      "quarter": "Q1 2024",
      "revenue": 37677980.780661285,
      "earnings": 9644289.314549128,
      "eps_actual": 0.008996795303277336,
      "eps_estimate": 0.008823356612882425,
      "surprise_percent": 1.9656769867114319,
      "price_on_date": 1.0664430747417892,
      "revenue_growth": 41.356553811357045,
      "earnings_growth": 44.9184770205589
    },
    {
      "date": "2023-11-06",
      "quarter": "Q4 2023",
      "revenue": 35794081.741628215,
      "earnings": 9162074.84882167,
      "eps_actual": 0.008546955538113467,
      "eps_estimate": 0.008585317937827137,
      "surprise_percent": -0.44683726323802786,
      "price_on_date": 0.9374320817684938,
      "revenue_growth": 31.629302487728463,
      "earnings_growth": 41.78877631697663
    }
  ],
  "metrics": {
    "revenue_trend": [
      {
        "date": "2025-07-28",
        "value": 51256150.77677731
      },
      {
        "date": "2025-04-29",
        "value": 48693343.23793844
      },
      {
        "date": "2025-01-29",
        "value": 46258676.07604152
      },
      {
        "date": "2024-10-31",
        "value": 43945742.27223944
      },
      {
        "date": "2024-08-02",
        "value": 41748455.15862747
      },
      {
        "date": "2024-05-04",
        "value": 39661032.40069609
      },
      {
        "date": "2024-02-04",
        "value": 37677980.780661285
      },
      {
        "date": "2023-11-06",
        "value": 35794081.741628215
      }
    ],
    "eps_trend": [
      {
        "date": "2025-07-28",
        "value": 0.0122390076914438
      },
      {
        "date": "2025-04-29",
        "value": 0.011627057306871608
      },
      {
        "date": "2025-01-29",
        "value": 0.011045704441528026
      },
      {
        "date": "2024-10-31",
        "value": 0.010493419219451626
      },
      {
        "date": "2024-08-02",
        "value": 0.009968748258479045
      },
      {
        "date": "2024-05-04",
        "value": 0.00947031084555509
      },
      {
        "date": "2024-02-04",
        "value": 0.008996795303277336
      },
      {
        "date": "2023-11-06",
        "value": 0.008546955538113467
      }
    ],
    "earnings_dates": [
      "2025-07-28",
      "2025-04-29",
      "2025-01-29",
      "2024-10-31",
      "2024-08-02",
      "2024-05-04",
      "2024-02-04",
      "2023-11-06"
    ]
  },
  "analysis": {
    "avg_revenue_growth": 34.28098944838157,
    "avg_earnings_surprise": -0.48191740984700393,
    "consistency_score": 69,
    "trend_direction": "growing"
  }
}