{
  "ticker": "AEP",
  "quarters": [
    {
      "date": "2025-07-28",
      "quarter": "Q3 2025",
      "revenue": 84909446.87394479,
      "earnings": 3638982.12107544,
      "eps_actual": 0.000795036492037192,
      "eps_estimate": 0.000793236137591555,
      "surprise_percent": 0.2269632408709003,
      "price_on_date": 0.32873647332132416,
      "revenue_growth": 19.216518092389318,
      "earnings_growth": 20.59482984014591
    },
    {
      "date": "2025-04-29",
      "quarter": "Q2 2025",
      "revenue": 80663974.53024754,
      "earnings": 3457033.015021668,
      "eps_actual": 0.0007552846674353323,
      "eps_estimate": 0.0007596023225118125,
      "surprise_percent": -0.5684099361627475,
      "price_on_date": 0.32890510604953554,
      "revenue_growth": 22.250183350912337,
      "earnings_growth": 17.3923148953687
    },
    {
      "date": "2025-01-29",
      "quarter": "Q1 2025",
      "revenue": 76630775.80373517,
      "earnings": 3284181.3642705847,
      "eps_actual": 0.0007175204340635657,
      "eps_estimate": 0.000713762464458193,
      "surprise_percent": 0.5265014332499749,
      "price_on_date": 0.3078732914406064,
      "revenue_growth": 17.178858693533392,
      "earnings_growth": 24.88941693063943
    },
    {
      "date": "2024-10-31",
      "quarter": "Q4 2024",
      "revenue": 72799237.0135484,
      "earnings": 3119972.2960570552,
      "eps_actual": 0.0006816444123603874,
      "eps_estimate": 0.0006524011799090731,
      "surprise_percent": 4.4824003008992035,
      "price_on_date": 0.30535414386707743,
      "revenue_growth": 24.07368630387968,
      "earnings_growth": 17.59314821014066
    },
    {
      "date": "2024-08-02",
      "quarter": "Q3 2024",
      "revenue": 69159275.16287099,
      "earnings": 2963973.6812542025,
      "eps_actual": 0.000647562191742368,
      "eps_estimate": 0.0006162171595507283,
      "surprise_percent": 5.086686033620487,
      "price_on_date": 0.3111265258718412,
      "revenue_growth": 24.233543757722227,
      "earnings_growth": 15.77038317780114
    },
    {
      "date": "2024-05-04",
      "quarter": "Q2 2024",
      "revenue": 65701311.40472742,
      "earnings": 2815774.9971914915,
      "eps_actual": 0.0006151840821552495,
      "eps_estimate": 0.0006030039714723294,
      "surprise_percent": 2.0199055494079743,
      "price_on_date": 0.29672478815136055,
      "revenue_growth": 24.655567986697275,
      "earnings_growth": 19.778252440724607
    },
    {
      "date": "2024-02-04",
      "quarter": "Q1 2024",
      "revenue": 62416245.83449105,
      "earnings": 2674986.2473319173,
      "eps_actual": 0.0005844248780474871,
      "eps_estimate": 0.0005589721162041956,
      "surprise_percent": 4.553494012569575,
      "price_on_date": 0.29006418253058613,
      "revenue_growth": 17.371968869702982,
      "earnings_growth": 24.958733319122345
    },
    {
      "date": "2023-11-06",
      "quarter": "Q4 2023",
      "revenue": 59295433.5427665,
      "earnings": 2541236.9349653213,
      "eps_actual": 0.0005552036341451127,
      "eps_estimate": 0.000552614694437335,
      "surprise_percent": 0.46848911797644915,
      "price_on_date": 0.266410289862268,
      "revenue_growth": 20.7392508662225,
      "earnings_growth": 15.898322650575286
    }
  ],
  "metrics": {
    "revenue_trend": [
      {
        "date": "2025-07-28",
        "value": 84909446.87394479
      },
      {
        "date": "2025-04-29",
        "value": 80663974.53024754
      },
      {
        "date": "2025-01-29",
        "value": 76630775.80373517
      },
      {
        "date": "2024-10-31",
        "value": 72799237.0135484
      },
      {
        "date": "2024-08-02",
        "value": 69159275.16287099
      },
      {
        "date": "2024-05-04",
        "value": 65701311.40472742
      },
      {
        "date": "2024-02-04",
        "value": 62416245.83449105
      },
      {
        "date": "2023-11-06",
        "value": 59295433.5427665
      }
    ],
    "eps_trend": [
      {
        "date": "2025-07-28",
        "value": 0.000795036492037192
      },
      {
        "date": "2025-04-29",
        "value": 0.0007552846674353323
      },
      {
        "date": "2025-01-29",
        "value": 0.0007175204340635657
      },
      {
        "date": "2024-10-31",
        "value": 0.0006816444123603874
      },
      {
        "date": "2024-08-02",
        "value": 0.000647562191742368
      },
      {
        "date": "2024-05-04",
        "value": 0.0006151840821552495
      },
      {
        "date": "2024-02-04",
        "value": 0.0005844248780474871
      },
      {
        "date": "2023-11-06",
        "value": 0.0005552036341451127
      }
    ],
    "earnings_dates": [
      "2025-07-28",
      "2025-04-29",
      "2025-01-29",
      "2024-10-31",
      "2024-08-02",
      "2024-05-04",
      "2024-02-04",
      "2023-11-06"
    ]
  },
  "analysis": {
    "avg_revenue_growth": 20.67981161017868,
    "avg_earnings_surprise": 1.1668637597143328,
    "consistency_score": 72,
    "trend_direction": "growing"
  }
}