{
  "ticker": "AES",
  "quarters": [
    {
      "date": "2025-07-28",
      "quarter": "Q3 2025",
      "revenue": 43189221.207187004,
      "earnings": 2234959.201918038,
      "eps_actual": 0.0008943813474748086,
      "eps_estimate": 0.0008588338959425027,
      "surprise_percent": 4.139036861522016,
      "price_on_date": 0.3504895475641573,
      "revenue_growth": 21.219284003847523,
      "earnings_growth": 17.692202149445773
    },
    {
      "date": "2025-04-29",
      "quarter": "Q2 2025",
      "revenue": 41029760.14682765,
      "earnings": 2123211.241822136,
      "eps_actual": 0.000849662280101068,
      "eps_estimate": 0.0008319035952575052,
      "surprise_percent": 2.1347046634731566,
      "price_on_date": 0.3726948158778237,
      "revenue_growth": 27.631360628862144,
      "earnings_growth": 18.316834742133086
    },
    {
      "date": "2025-01-29",
      "quarter": "Q1 2025",
      "revenue": 38978272.13948627,
      "earnings": 2017050.679731029,
      "eps_actual": 0.0008071791660960145,
      "eps_estimate": 0.0007763604774295033,
      "surprise_percent": 3.969636472035596,
      "price_on_date": 0.3336205501311516,
      "revenue_growth": 25.257433316163,
      "earnings_growth": 27.92478911683724
    },
    {
      "date": "2024-10-31",
      "quarter": "Q4 2024",
      "revenue": 37029358.53251195,
      "earnings": 1916198.1457444772,
      "eps_actual": 0.0007668202077912137,
      "eps_estimate": 0.000728782656482487,
      "surprise_percent": 5.219327184913695,
      "price_on_date": 0.34570619319792667,
      "revenue_growth": 22.531760227292526,
      "earnings_growth": 19.79122895503208
    },
    {
      "date": "2024-08-02",
      "quarter": "Q3 2024",
      "revenue": 35177890.605886355,
      "earnings": 1820388.2384572537,
      "eps_actual": 0.0007284791974016532,
      "eps_estimate": 0.0007342059869695351,
      "surprise_percent": -0.7799976668018608,
      "price_on_date": 0.3303090193052472,
      "revenue_growth": 22.7895572154788,
      "earnings_growth": 24.919379445637915
    },
    {
      "date": "2024-05-04",
      "quarter": "Q2 2024",
      "revenue": 33418996.075592034,
      "earnings": 1729368.8265343907,
      "eps_actual": 0.0006920552375315704,
      "eps_estimate": 0.0006617361177223347,
      "surprise_percent": 4.58175381352807,
      "price_on_date": 0.31427766040928956,
      "revenue_growth": 26.25643310553644,
      "earnings_growth": 19.9285090662922
    },
    {
      "date": "2024-02-04",
      "quarter": "Q1 2024",
      "revenue": 31748046.27181243,
      "earnings": 1642900.3852076712,
      "eps_actual": 0.0006574524756549918,
      "eps_estimate": 0.0006701971260467214,
      "surprise_percent": -1.9016271327372307,
      "price_on_date": 0.3012863039464823,
      "revenue_growth": 22.287789980525375,
      "earnings_growth": 21.39013337068753
    },
    {
      "date": "2023-11-06",
      "quarter": "Q4 2023",
      "revenue": 30160643.958221804,
      "earnings": 1560755.3659472873,
      "eps_actual": 0.0006245798518722421,
      "eps_estimate": 0.0005976100956069919,
      "surprise_percent": 4.512935183576023,
      "price_on_date": 0.2674218702393338,
      "revenue_growth": 22.917924944701884,
      "earnings_growth": 17.84324405210598
    }
  ],
  "metrics": {
    "revenue_trend": [
      {
        "date": "2025-07-28",
        "value": 43189221.207187004
      },
      {
        "date": "2025-04-29",
        "value": 41029760.14682765
      },
      {
        "date": "2025-01-29",
        "value": 38978272.13948627
      },
      {
        "date": "2024-10-31",
        "value": 37029358.53251195
      },
      {
        "date": "2024-08-02",
        "value": 35177890.605886355
      },
      {
        "date": "2024-05-04",
        "value": 33418996.075592034
      },
      {
        "date": "2024-02-04",
        "value": 31748046.27181243
      },
      {
        "date": "2023-11-06",
        "value": 30160643.958221804
      }
    ],
    "eps_trend": [
      {
        "date": "2025-07-28",
        "value": 0.0008943813474748086
      },
      {
        "date": "2025-04-29",
        "value": 0.000849662280101068
      },
      {
        "date": "2025-01-29",
        "value": 0.0008071791660960145
      },
      {
        "date": "2024-10-31",
        "value": 0.0007668202077912137
      },
      {
        "date": "2024-08-02",
        "value": 0.0007284791974016532
      },
      {
        "date": "2024-05-04",
        "value": 0.0006920552375315704
      },
      {
        "date": "2024-02-04",
        "value": 0.0006574524756549918
      },
      {
        "date": "2023-11-06",
        "value": 0.0006245798518722421
      }
    ],
    "earnings_dates": [
      "2025-07-28",
      "2025-04-29",
      "2025-01-29",
      "2024-10-31",
      "2024-08-02",
      "2024-05-04",
      "2024-02-04",
      "2023-11-06"
    ]
  },
  "analysis": {
    "avg_revenue_growth": 24.159959544041296,
    "avg_earnings_surprise": 3.865676295486116,
    "consistency_score": 71,
    "trend_direction": "growing"
  }
}