{
  "ticker": "AFL",
  "quarters": [
    {
      "date": "2025-07-28",
      "quarter": "Q3 2025",
      "revenue": 55147048.204988286,
      "earnings": 2090114.2041335793,
      "eps_actual": 0.0006142208144053146,
      "eps_estimate": 0.0005924662390745767,
      "surprise_percent": 3.671867508386343,
      "price_on_date": 0.20521242378075585,
      "revenue_growth": -12.103140297081206,
      "earnings_growth": -13.978626456470373
    },
    {
      "date": "2025-04-29",
      "quarter": "Q2 2025",
      "revenue": 52389695.79473887,
      "earnings": 1985608.4939269002,
      "eps_actual": 0.0005835097736850488,
      "eps_estimate": 0.0005896195607222999,
      "surprise_percent": -1.0362252958104685,
      "price_on_date": 0.19038794577605064,
      "revenue_growth": -13.781955657055464,
      "earnings_growth": -11.336497514109626
    },
    {
      "date": "2025-01-29",
      "quarter": "Q1 2025",
      "revenue": 49770211.005001925,
      "earnings": 1886328.0692305553,
      "eps_actual": 0.0005543342850007965,
      "eps_estimate": 0.0005500122614120926,
      "surprise_percent": 0.7858049523491669,
      "price_on_date": 0.17774626893227602,
      "revenue_growth": -14.140397472247951,
      "earnings_growth": -11.206280692951813
    },
    {
      "date": "2024-10-31",
      "quarter": "Q4 2024",
      "revenue": 47281700.45475183,
      "earnings": 1792011.6657690273,
      "eps_actual": 0.0005266175707507566,
      "eps_estimate": 0.0005249801423183035,
      "surprise_percent": 0.3119029274559334,
      "price_on_date": 0.163240335748762,
      "revenue_growth": -13.673479946297746,
      "earnings_growth": -15.072979969091264
    },
    {
      "date": "2024-08-02",
      "quarter": "Q3 2024",
      "revenue": 44917615.432014234,
      "earnings": 1702411.082480576,
      "eps_actual": 0.0005002866922132187,
      "eps_estimate": 0.0004827120892403785,
      "surprise_percent": 3.640804397606143,
      "price_on_date": 0.1570898188231586,
      "revenue_growth": -11.145496340431242,
      "earnings_growth": -8.788842827525567
    },
    {
      "date": "2024-05-04",
      "quarter": "Q2 2024",
      "revenue": 42671734.66041352,
      "earnings": 1617290.528356547,
      "eps_actual": 0.00047527235760255775,
      "eps_estimate": 0.0004820951068244763,
      "surprise_percent": -1.4152288885194155,
      "price_on_date": 0.1649040549684875,
      "revenue_growth": -12.639216714974568,
      "earnings_growth": -10.49182817438761
    },
    {
      "date": "2024-02-04",
      "quarter": "Q1 2024",
      "revenue": 40538147.92739284,
      "earnings": 1536426.0019387195,
      "eps_actual": 0.00045150873972242984,
      "eps_estimate": 0.00043395354571415756,
      "surprise_percent": 4.045408588465773,
      "price_on_date": 0.1442533688666899,
      "revenue_growth": -13.357730745086302,
      "earnings_growth": -10.871022623641865
    },
    {
      "date": "2023-11-06",
      "quarter": "Q4 2023",
      "revenue": 38511240.5310232,
      "earnings": 1459604.7018417835,
      "eps_actual": 0.0004289333027363083,
      "eps_estimate": 0.000412356021906729,
      "surprise_percent": 4.020137926669816,
      "price_on_date": 0.13881261757668723,
      "revenue_growth": -9.963418958252213,
      "earnings_growth": -14.165050482301991
    }
  ],
  "metrics": {
    "revenue_trend": [
      {
        "date": "2025-07-28",
        "value": 55147048.204988286
      },
      {
        "date": "2025-04-29",
        "value": 52389695.79473887
      },
      {
        "date": "2025-01-29",
        "value": 49770211.005001925
      },
      {
        "date": "2024-10-31",
        "value": 47281700.45475183
      },
      {
        "date": "2024-08-02",
        "value": 44917615.432014234
      },
      {
        "date": "2024-05-04",
        "value": 42671734.66041352
      },
      {
        "date": "2024-02-04",
        "value": 40538147.92739284
      },
      {
        "date": "2023-11-06",
        "value": 38511240.5310232
      }
    ],
    "eps_trend": [
      {
        "date": "2025-07-28",
        "value": 0.0006142208144053146
      },
      {
        "date": "2025-04-29",
        "value": 0.0005835097736850488
      },
      {
        "date": "2025-01-29",
        "value": 0.0005543342850007965
      },
      {
        "date": "2024-10-31",
        "value": 0.0005266175707507566
      },
      {
        "date": "2024-08-02",
        "value": 0.0005002866922132187
      },
      {
        "date": "2024-05-04",
        "value": 0.00047527235760255775
      },
      {
        "date": "2024-02-04",
        "value": 0.00045150873972242984
      },
      {
        "date": "2023-11-06",
        "value": 0.0004289333027363083
      }
    ],
    "earnings_dates": [
      "2025-07-28",
      "2025-04-29",
      "2025-01-29",
      "2024-10-31",
      "2024-08-02",
      "2024-05-04",
      "2024-02-04",
      "2023-11-06"
    ]
  },
  "analysis": {
    "avg_revenue_growth": -13.424743343170592,
    "avg_earnings_surprise": 0.9333375230952436,
    "consistency_score": 94,
    "trend_direction": "declining"
  }
}