{
  "ticker": "AFRM",
  "quarters": [
    {
      "date": "2025-07-28",
      "quarter": "Q3 2025",
      "revenue": 1794108164.8756077,
      "earnings": 149710390.08099416,
      "eps_actual": 0.03449687492951129,
      "eps_estimate": 0.033201620310237975,
      "surprise_percent": 3.901178939974547,
      "price_on_date": 8.134506765959863,
      "revenue_growth": 11.334933655710312,
      "earnings_growth": 15.476686809542182
    },
    {
      "date": "2025-04-29",
      "quarter": "Q2 2025",
      "revenue": 1704402756.6318274,
      "earnings": 142224870.57694444,
      "eps_actual": 0.032772031183035726,
      "eps_estimate": 0.03228006177757582,
      "surprise_percent": 1.524065873385852,
      "price_on_date": 6.7128337264506195,
      "revenue_growth": 12.740281815282495,
      "earnings_growth": 11.092581771850057
    },
    {
      "date": "2025-01-29",
      "quarter": "Q1 2025",
      "revenue": 1619182618.800236,
      "earnings": 135113627.04809722,
      "eps_actual": 0.031133429623883938,
      "eps_estimate": 0.03150039146556438,
      "surprise_percent": -1.1649437502438618,
      "price_on_date": 6.890504425787551,
      "revenue_growth": 10.566148601013559,
      "earnings_growth": 13.13914634993582
    },
    {
      "date": "2024-10-31",
      "quarter": "Q4 2024",
      "revenue": 1538223487.860224,
      "earnings": 128357945.69569235,
      "eps_actual": 0.029576758142689737,
      "eps_estimate": 0.0292920711291609,
      "surprise_percent": 0.9718910358831689,
      "price_on_date": 6.048425812888566,
      "revenue_growth": 15.045983761161056,
      "earnings_growth": 8.882920082619622
    },
    {
      "date": "2024-08-02",
      "quarter": "Q3 2024",
      "revenue": 1461312313.4672127,
      "earnings": 121940048.41090772,
      "eps_actual": 0.028097920235555247,
      "eps_estimate": 0.027766107290817084,
      "surprise_percent": 1.1950286774549128,
      "price_on_date": 6.584194739537516,
      "revenue_growth": 14.504066410441128,
      "earnings_growth": 15.092510508797888
    },
    {
      "date": "2024-05-04",
      "quarter": "Q2 2024",
      "revenue": 1388246697.7938519,
      "earnings": 115843045.99036232,
      "eps_actual": 0.026693024223777482,
      "eps_estimate": 0.02607128315344118,
      "surprise_percent": 2.384773571277933,
      "price_on_date": 5.883304296831873,
      "revenue_growth": 14.75181560840294,
      "earnings_growth": 9.535815617685092
    },
    {
      "date": "2024-02-04",
      "quarter": "Q1 2024",
      "revenue": 1318834362.9041593,
      "earnings": 110050893.69084421,
      "eps_actual": 0.02535837301258861,
      "eps_estimate": 0.024124513353231777,
      "surprise_percent": 5.114547353932603,
      "price_on_date": 5.443530292872377,
      "revenue_growth": 15.028391764448784,
      "earnings_growth": 15.328712929496799
    },
    {
      "date": "2023-11-06",
      "quarter": "Q4 2023",
      "revenue": 1252892644.7589512,
      "earnings": 104548349.00630198,
      "eps_actual": 0.024090454361959175,
      "eps_estimate": 0.024506976816477035,
      "surprise_percent": -1.6996076571868912,
      "price_on_date": 5.153989170350413,
      "revenue_growth": 10.324175259927113,
      "earnings_growth": 13.118357328383127
    }
  ],
  "metrics": {
    "revenue_trend": [
      {
        "date": "2025-07-28",
        "value": 1794108164.8756077
      },
      {
        "date": "2025-04-29",
        "value": 1704402756.6318274
      },
      {
        "date": "2025-01-29",
        "value": 1619182618.800236
      },
      {
        "date": "2024-10-31",
        "value": 1538223487.860224
      },
      {
        "date": "2024-08-02",
        "value": 1461312313.4672127
      },
      {
        "date": "2024-05-04",
        "value": 1388246697.7938519
      },
      {
        "date": "2024-02-04",
        "value": 1318834362.9041593
      },
      {
        "date": "2023-11-06",
        "value": 1252892644.7589512
      }
    ],
    "eps_trend": [
      {
        "date": "2025-07-28",
        "value": 0.03449687492951129
      },
      {
        "date": "2025-04-29",
        "value": 0.032772031183035726
      },
      {
        "date": "2025-01-29",
        "value": 0.031133429623883938
      },
      {
        "date": "2024-10-31",
        "value": 0.029576758142689737
      },
      {
        "date": "2024-08-02",
        "value": 0.028097920235555247
      },
      {
        "date": "2024-05-04",
        "value": 0.026693024223777482
      },
      {
        "date": "2024-02-04",
        "value": 0.02535837301258861
      },
      {
        "date": "2023-11-06",
        "value": 0.024090454361959175
      }
    ],
    "earnings_dates": [
      "2025-07-28",
      "2025-04-29",
      "2025-01-29",
      "2024-10-31",
      "2024-08-02",
      "2024-05-04",
      "2024-02-04",
      "2023-11-06"
    ]
  },
  "analysis": {
    "avg_revenue_growth": 12.421836958291856,
    "avg_earnings_surprise": 1.3080480247499264,
    "consistency_score": 64,
    "trend_direction": "growing"
  }
}