{
  "ticker": "AIG",
  "quarters": [
    {
      "date": "2025-07-28",
      "quarter": "Q3 2025",
      "revenue": 85676906.95971976,
      "earnings": 3981574.516067217,
      "eps_actual": 0.0022403977408018733,
      "eps_estimate": 0.002249880504921987,
      "surprise_percent": -0.42147856738918993,
      "price_on_date": 0.930860893219103,
      "revenue_growth": 41.98465841190497,
      "earnings_growth": 33.21415985578634
    },
    {
      "date": "2025-04-29",
      "quarter": "Q2 2025",
      "revenue": 81393061.61173376,
      "earnings": 3782495.790263856,
      "eps_actual": 0.0021283778537617795,
      "eps_estimate": 0.0021384924889110905,
      "surprise_percent": -0.47297969021445446,
      "price_on_date": 0.83235382594423,
      "revenue_growth": 35.55488564637253,
      "earnings_growth": 29.461797918191703
    },
    {
      "date": "2025-01-29",
      "quarter": "Q1 2025",
      "revenue": 77323408.53114708,
      "earnings": 3593371.000750663,
      "eps_actual": 0.0020219589610736906,
      "eps_estimate": 0.0019943620917633386,
      "surprise_percent": 1.3837441768636838,
      "price_on_date": 0.863550919309145,
      "revenue_growth": 38.14674852079504,
      "earnings_growth": 36.64397891848808
    },
    {
      "date": "2024-10-31",
      "quarter": "Q4 2024",
      "revenue": 73457238.10458972,
      "earnings": 3413702.4507131297,
      "eps_actual": 0.0019208610130200057,
      "eps_estimate": 0.001954461653167942,
      "surprise_percent": -1.719176229089664,
      "price_on_date": 0.849640739230048,
      "revenue_growth": 31.26211941106083,
      "earnings_growth": 48.2546720829706
    },
    {
      "date": "2024-08-02",
      "quarter": "Q3 2024",
      "revenue": 69784376.19936024,
      "earnings": 3243017.3281774735,
      "eps_actual": 0.0018248179623690057,
      "eps_estimate": 0.0018065301120046002,
      "surprise_percent": 1.0123191549856059,
      "price_on_date": 0.8079052228246676,
      "revenue_growth": 40.173116715468225,
      "earnings_growth": 30.072538895093093
    },
    {
      "date": "2024-05-04",
      "quarter": "Q2 2024",
      "revenue": 66295157.38939221,
      "earnings": 3080866.461768599,
      "eps_actual": 0.001733577064250555,
      "eps_estimate": 0.0016557091934772353,
      "surprise_percent": 4.702991991593981,
      "price_on_date": 0.7208305666723851,
      "revenue_growth": 34.329152239153686,
      "earnings_growth": 40.66898438464798
    },
    {
      "date": "2024-02-04",
      "quarter": "Q1 2024",
      "revenue": 62980399.51992261,
      "earnings": 2926823.1386801694,
      "eps_actual": 0.0016468982110380273,
      "eps_estimate": 0.001655682684335698,
      "surprise_percent": -0.5305650279960088,
      "price_on_date": 0.6482020840517175,
      "revenue_growth": 39.29455896705388,
      "earnings_growth": 29.59501465495313
    },
    {
      "date": "2023-11-06",
      "quarter": "Q4 2023",
      "revenue": 59831379.54392646,
      "earnings": 2780481.9817461604,
      "eps_actual": 0.0015645533004861258,
      "eps_estimate": 0.0015269443354814067,
      "surprise_percent": 2.4630213512571797,
      "price_on_date": 0.6035617571403352,
      "revenue_growth": 34.75571226524551,
      "earnings_growth": 39.65496615135162
    }
  ],
  "metrics": {
    "revenue_trend": [
      {
        "date": "2025-07-28",
        "value": 85676906.95971976
      },
      {
        "date": "2025-04-29",
        "value": 81393061.61173376
      },
      {
        "date": "2025-01-29",
        "value": 77323408.53114708
      },
      {
        "date": "2024-10-31",
        "value": 73457238.10458972
      },
      {
        "date": "2024-08-02",
        "value": 69784376.19936024
      },
      {
        "date": "2024-05-04",
        "value": 66295157.38939221
      },
      {
        "date": "2024-02-04",
        "value": 62980399.51992261
      },
      {
        "date": "2023-11-06",
        "value": 59831379.54392646
      }
    ],
    "eps_trend": [
      {
        "date": "2025-07-28",
        "value": 0.0022403977408018733
      },
      {
        "date": "2025-04-29",
        "value": 0.0021283778537617795
      },
      {
        "date": "2025-01-29",
        "value": 0.0020219589610736906
      },
      {
        "date": "2024-10-31",
        "value": 0.0019208610130200057
      },
      {
        "date": "2024-08-02",
        "value": 0.0018248179623690057
      },
      {
        "date": "2024-05-04",
        "value": 0.001733577064250555
      },
      {
        "date": "2024-02-04",
        "value": 0.0016468982110380273
      },
      {
        "date": "2023-11-06",
        "value": 0.0015645533004861258
      }
    ],
    "earnings_dates": [
      "2025-07-28",
      "2025-04-29",
      "2025-01-29",
      "2024-10-31",
      "2024-08-02",
      "2024-05-04",
      "2024-02-04",
      "2023-11-06"
    ]
  },
  "analysis": {
    "avg_revenue_growth": 36.73710299753334,
    "avg_earnings_surprise": -0.30747257745740614,
    "consistency_score": 89,
    "trend_direction": "growing"
  }
}