{
  "ticker": "AIZ",
  "quarters": [
    {
      "date": "2025-07-28",
      "quarter": "Q3 2025",
      "revenue": 108633224.54782651,
      "earnings": 10063375.802565403,
      "eps_actual": 0.0039444000035065855,
      "eps_estimate": 0.0038998252171882626,
      "surprise_percent": 1.1429944634919016,
      "price_on_date": 0.35930948607047003,
      "revenue_growth": 13.646640225310591,
      "earnings_growth": 13.212988805302462
    },
    {
      "date": "2025-04-29",
      "quarter": "Q2 2025",
      "revenue": 103201563.32043518,
      "earnings": 9560207.012437133,
      "eps_actual": 0.003747180003331256,
      "eps_estimate": 0.00359416840842915,
      "surprise_percent": 4.257218291253653,
      "price_on_date": 0.3112798389799255,
      "revenue_growth": 11.883477828239744,
      "earnings_growth": 11.13533627093609
    },
    {
      "date": "2025-01-29",
      "quarter": "Q1 2025",
      "revenue": 98041485.15441343,
      "earnings": 9082196.661815276,
      "eps_actual": 0.0035598210031646932,
      "eps_estimate": 0.003461956343642044,
      "surprise_percent": 2.826860012327414,
      "price_on_date": 0.3225616075254107,
      "revenue_growth": 9.29552970959285,
      "earnings_growth": 12.876622459220727
    },
    {
      "date": "2024-10-31",
      "quarter": "Q4 2024",
      "revenue": 93139410.89669274,
      "earnings": 8628086.828724511,
      "eps_actual": 0.003381829953006458,
      "eps_estimate": 0.0034167313324850617,
      "surprise_percent": -1.0214844564093761,
      "price_on_date": 0.31273293112574213,
      "revenue_growth": 10.011120518764864,
      "earnings_growth": 13.356309354648799
    },
    {
      "date": "2024-08-02",
      "quarter": "Q3 2024",
      "revenue": 88482440.35185811,
      "earnings": 8196682.487288286,
      "eps_actual": 0.0032127384553561353,
      "eps_estimate": 0.0032642188229922865,
      "surprise_percent": -1.5771114140246103,
      "price_on_date": 0.26383156849454276,
      "revenue_growth": 10.659366096153303,
      "earnings_growth": 9.592733361144939
    },
    {
      "date": "2024-05-04",
      "quarter": "Q2 2024",
      "revenue": 84058318.33426519,
      "earnings": 7786848.36292387,
      "eps_actual": 0.003052101532588328,
      "eps_estimate": 0.0030883562641889272,
      "surprise_percent": -1.1739167537434596,
      "price_on_date": 0.24792160785039952,
      "revenue_growth": 11.449749048374507,
      "earnings_growth": 12.745113419949968
    },
    {
      "date": "2024-02-04",
      "quarter": "Q1 2024",
      "revenue": 79855402.41755193,
      "earnings": 7397505.944777677,
      "eps_actual": 0.0028994964559589114,
      "eps_estimate": 0.0027973012231100455,
      "surprise_percent": 3.6533510229279127,
      "price_on_date": 0.27783378679115484,
      "revenue_growth": 9.534833795522694,
      "earnings_growth": 11.079994586955252
    },
    {
      "date": "2023-11-06",
      "quarter": "Q4 2023",
      "revenue": 75862632.29667433,
      "earnings": 7027630.647538792,
      "eps_actual": 0.0027545216331609657,
      "eps_estimate": 0.002798720996126248,
      "surprise_percent": -1.5792700675222495,
      "price_on_date": 0.27133874930460755,
      "revenue_growth": 12.099987855792882,
      "earnings_growth": 13.098915254070087
    }
  ],
  "metrics": {
    "revenue_trend": [
      {
        "date": "2025-07-28",
        "value": 108633224.54782651
      },
      {
        "date": "2025-04-29",
        "value": 103201563.32043518
      },
      {
        "date": "2025-01-29",
        "value": 98041485.15441343
      },
      {
        "date": "2024-10-31",
        "value": 93139410.89669274
      },
      {
        "date": "2024-08-02",
        "value": 88482440.35185811
      },
      {
        "date": "2024-05-04",
        "value": 84058318.33426519
      },
      {
        "date": "2024-02-04",
        "value": 79855402.41755193
      },
      {
        "date": "2023-11-06",
        "value": 75862632.29667433
      }
    ],
    "eps_trend": [
      {
        "date": "2025-07-28",
        "value": 0.0039444000035065855
      },
      {
        "date": "2025-04-29",
        "value": 0.003747180003331256
      },
      {
        "date": "2025-01-29",
        "value": 0.0035598210031646932
      },
      {
        "date": "2024-10-31",
        "value": 0.003381829953006458
      },
      {
        "date": "2024-08-02",
        "value": 0.0032127384553561353
      },
      {
        "date": "2024-05-04",
        "value": 0.003052101532588328
      },
      {
        "date": "2024-02-04",
        "value": 0.0028994964559589114
      },
      {
        "date": "2023-11-06",
        "value": 0.0027545216331609657
      }
    ],
    "earnings_dates": [
      "2025-07-28",
      "2025-04-29",
      "2025-01-29",
      "2024-10-31",
      "2024-08-02",
      "2024-05-04",
      "2024-02-04",
      "2023-11-06"
    ]
  },
  "analysis": {
    "avg_revenue_growth": 11.209192070477012,
    "avg_earnings_surprise": 1.801397077665898,
    "consistency_score": 79,
    "trend_direction": "growing"
  }
}