{
  "ticker": "AJG",
  "quarters": [
    {
      "date": "2025-07-28",
      "quarter": "Q3 2025",
      "revenue": 94848113.3474673,
      "earnings": 17485328.897195984,
      "eps_actual": 0.02300363254620625,
      "eps_estimate": 0.023031265552422926,
      "surprise_percent": -0.11998040730231854,
      "price_on_date": 0.9925448817731297,
      "revenue_growth": 22.165777476024008,
      "earnings_growth": 25.23172308185037
    },
    {
      "date": "2025-04-29",
      "quarter": "Q2 2025",
      "revenue": 90105707.68009393,
      "earnings": 16611062.452336185,
      "eps_actual": 0.02185345091889594,
      "eps_estimate": 0.021140245028041595,
      "surprise_percent": 3.373687910940991,
      "price_on_date": 0.9671424099582114,
      "revenue_growth": 19.701640473754512,
      "earnings_growth": 14.92231788683596
    },
    {
      "date": "2025-01-29",
      "quarter": "Q1 2025",
      "revenue": 85600422.29608923,
      "earnings": 15780509.329719376,
      "eps_actual": 0.020760778372951143,
      "eps_estimate": 0.020160320433037535,
      "surprise_percent": 2.9784146631400397,
      "price_on_date": 0.8957196666556145,
      "revenue_growth": 18.950547597514397,
      "earnings_growth": 13.980440109272466
    },
    {
      "date": "2024-10-31",
      "quarter": "Q4 2024",
      "revenue": 81320401.18128477,
      "earnings": 14991483.863233406,
      "eps_actual": 0.019722739454303584,
      "eps_estimate": 0.019359441867330705,
      "surprise_percent": 1.8765912233551925,
      "price_on_date": 0.8755740866336169,
      "revenue_growth": 21.986685702709806,
      "earnings_growth": 15.76674002915248
    },
    {
      "date": "2024-08-02",
      "quarter": "Q3 2024",
      "revenue": 77254381.12222053,
      "earnings": 14241909.670071736,
      "eps_actual": 0.018736602481588403,
      "eps_estimate": 0.018345435205206866,
      "surprise_percent": 2.1322321983973134,
      "price_on_date": 0.9394826365214198,
      "revenue_growth": 20.602037148888787,
      "earnings_growth": 15.590309637574205
    },
    {
      "date": "2024-05-04",
      "quarter": "Q2 2024",
      "revenue": 73391662.0661095,
      "earnings": 13529814.186568147,
      "eps_actual": 0.01779977235750898,
      "eps_estimate": 0.017459353492603333,
      "surprise_percent": 1.9497793263070384,
      "price_on_date": 0.7636092099344661,
      "revenue_growth": 20.543902336346058,
      "earnings_growth": 19.943192927871806
    },
    {
      "date": "2024-02-04",
      "quarter": "Q1 2024",
      "revenue": 69722078.96280402,
      "earnings": 12853323.47723974,
      "eps_actual": 0.016909783739633533,
      "eps_estimate": 0.016451100419702516,
      "surprise_percent": 2.7881619358525045,
      "price_on_date": 0.8811901840146967,
      "revenue_growth": 22.650796424279434,
      "earnings_growth": 14.52901763667342
    },
    {
      "date": "2023-11-06",
      "quarter": "Q4 2023",
      "revenue": 66235975.01466381,
      "earnings": 12210657.303377751,
      "eps_actual": 0.016064294552651855,
      "eps_estimate": 0.016144676554680805,
      "surprise_percent": -0.4978854903453934,
      "price_on_date": 0.752765810721099,
      "revenue_growth": 19.016841158407427,
      "earnings_growth": 23.636748998514246
    }
  ],
  "metrics": {
    "revenue_trend": [
      {
        "date": "2025-07-28",
        "value": 94848113.3474673
      },
      {
        "date": "2025-04-29",
        "value": 90105707.68009393
      },
      {
        "date": "2025-01-29",
        "value": 85600422.29608923
      },
      {
        "date": "2024-10-31",
        "value": 81320401.18128477
      },
      {
        "date": "2024-08-02",
        "value": 77254381.12222053
      },
      {
        "date": "2024-05-04",
        "value": 73391662.0661095
      },
      {
        "date": "2024-02-04",
        "value": 69722078.96280402
      },
      {
        "date": "2023-11-06",
        "value": 66235975.01466381
      }
    ],
    "eps_trend": [
      {
        "date": "2025-07-28",
        "value": 0.02300363254620625
      },
      {
        "date": "2025-04-29",
        "value": 0.02185345091889594
      },
      {
        "date": "2025-01-29",
        "value": 0.020760778372951143
      },
      {
        "date": "2024-10-31",
        "value": 0.019722739454303584
      },
      {
        "date": "2024-08-02",
        "value": 0.018736602481588403
      },
      {
        "date": "2024-05-04",
        "value": 0.01779977235750898
      },
      {
        "date": "2024-02-04",
        "value": 0.016909783739633533
      },
      {
        "date": "2023-11-06",
        "value": 0.016064294552651855
      }
    ],
    "earnings_dates": [
      "2025-07-28",
      "2025-04-29",
      "2025-01-29",
      "2024-10-31",
      "2024-08-02",
      "2024-05-04",
      "2024-02-04",
      "2023-11-06"
    ]
  },
  "analysis": {
    "avg_revenue_growth": 20.70116281250068,
    "avg_earnings_surprise": 2.027178347533476,
    "consistency_score": 79,
    "trend_direction": "growing"
  }
}