{
  "ticker": "AKAM",
  "quarters": [
    {
      "date": "2025-07-28",
      "quarter": "Q3 2025",
      "revenue": 42885815.79885657,
      "earnings": 622760.24486502,
      "eps_actual": 0.00013083438292178605,
      "eps_estimate": 0.0001297529942307893,
      "surprise_percent": 0.833420991482719,
      "price_on_date": 0.41046355902044107,
      "revenue_growth": -13.74624805711585,
      "earnings_growth": -16.339312301942684
    },
    {
      "date": "2025-04-29",
      "quarter": "Q2 2025",
      "revenue": 40741525.00891374,
      "earnings": 591622.232621769,
      "eps_actual": 0.00012429266377569673,
      "eps_estimate": 0.00012015336686674776,
      "surprise_percent": 3.4450111693828176,
      "price_on_date": 0.41461419991376164,
      "revenue_growth": -16.684916491874006,
      "earnings_growth": -15.91610601108342
    },
    {
      "date": "2025-01-29",
      "quarter": "Q1 2025",
      "revenue": 38704448.758468054,
      "earnings": 562041.1209906805,
      "eps_actual": 0.0001180780305869119,
      "eps_estimate": 0.00011570564205196261,
      "surprise_percent": 2.0503654730024867,
      "price_on_date": 0.3532177596972289,
      "revenue_growth": -14.850193184600679,
      "earnings_growth": -17.51091873795297
    },
    {
      "date": "2024-10-31",
      "quarter": "Q4 2024",
      "revenue": 36769226.320544645,
      "earnings": 533939.0649411464,
      "eps_actual": 0.00011217412905756628,
      "eps_estimate": 0.00010769357058822844,
      "surprise_percent": 4.160469789296405,
      "price_on_date": 0.31403500841806437,
      "revenue_growth": -17.382852272569856,
      "earnings_growth": -17.54912666945608
    },
    {
      "date": "2024-08-02",
      "quarter": "Q3 2024",
      "revenue": 34930765.00451741,
      "earnings": 507242.1116940891,
      "eps_actual": 0.00010656542260468797,
      "eps_estimate": 0.0001061451026643885,
      "surprise_percent": 0.3959861828279048,
      "price_on_date": 0.35813968886304703,
      "revenue_growth": -15.652590707595392,
      "earnings_growth": -17.67542244495191
    },
    {
      "date": "2024-05-04",
      "quarter": "Q2 2024",
      "revenue": 33184226.75429154,
      "earnings": 481880.0061093846,
      "eps_actual": 0.00010123715147445357,
      "eps_estimate": 0.00010107608010967071,
      "surprise_percent": 0.1593565605315232,
      "price_on_date": 0.34239002310767436,
      "revenue_growth": -14.021364395294928,
      "earnings_growth": -13.454537177229552
    },
    {
      "date": "2024-02-04",
      "quarter": "Q1 2024",
      "revenue": 31525015.416576963,
      "earnings": 457786.0058039154,
      "eps_actual": 9.61752939007309e-05,
      "eps_estimate": 9.156060337910659e-05,
      "surprise_percent": 5.040039439798339,
      "price_on_date": 0.28701906376966685,
      "revenue_growth": -14.007948832150836,
      "earnings_growth": -13.753197801314027
    },
    {
      "date": "2023-11-06",
      "quarter": "Q4 2023",
      "revenue": 29948764.645748112,
      "earnings": 434896.7055137196,
      "eps_actual": 9.136652920569434e-05,
      "eps_estimate": 9.066589816365632e-05,
      "surprise_percent": 0.7727613758078532,
      "price_on_date": 0.3039934050539388,
      "revenue_growth": -17.410047807738138,
      "earnings_growth": -19.455323574795184
    }
  ],
  "metrics": {
    "revenue_trend": [
      {
        "date": "2025-07-28",
        "value": 42885815.79885657
      },
      {
        "date": "2025-04-29",
        "value": 40741525.00891374
      },
      {
        "date": "2025-01-29",
        "value": 38704448.758468054
      },
      {
        "date": "2024-10-31",
        "value": 36769226.320544645
      },
      {
        "date": "2024-08-02",
        "value": 34930765.00451741
      },
      {
        "date": "2024-05-04",
        "value": 33184226.75429154
      },
      {
        "date": "2024-02-04",
        "value": 31525015.416576963
      },
      {
        "date": "2023-11-06",
        "value": 29948764.645748112
      }
    ],
    "eps_trend": [
      {
        "date": "2025-07-28",
        "value": 0.00013083438292178605
      },
      {
        "date": "2025-04-29",
        "value": 0.00012429266377569673
      },
      {
        "date": "2025-01-29",
        "value": 0.0001180780305869119
      },
      {
        "date": "2024-10-31",
        "value": 0.00011217412905756628
      },
      {
        "date": "2024-08-02",
        "value": 0.00010656542260468797
      },
      {
        "date": "2024-05-04",
        "value": 0.00010123715147445357
      },
      {
        "date": "2024-02-04",
        "value": 9.61752939007309e-05
      },
      {
        "date": "2023-11-06",
        "value": 9.136652920569434e-05
      }
    ],
    "earnings_dates": [
      "2025-07-28",
      "2025-04-29",
      "2025-01-29",
      "2024-10-31",
      "2024-08-02",
      "2024-05-04",
      "2024-02-04",
      "2023-11-06"
    ]
  },
  "analysis": {
    "avg_revenue_growth": -15.666052501540097,
    "avg_earnings_surprise": 2.622316855791107,
    "consistency_score": 77,
    "trend_direction": "declining"
  }
}