{
  "ticker": "ALB",
  "quarters": [
    {
      "date": "2025-07-28",
      "quarter": "Q3 2025",
      "revenue": 22231697.481617276,
      "earnings": 1400642.698538069,
      "eps_actual": 0.0007287669215545097,
      "eps_estimate": 0.0007405625078224405,
      "surprise_percent": -1.5927873938169892,
      "price_on_date": 0.3964955256742425,
      "revenue_growth": 24.023473292593064,
      "earnings_growth": 21.00512933757844
    },
    {
      "date": "2025-04-29",
      "quarter": "Q2 2025",
      "revenue": 21120112.60753641,
      "earnings": 1330610.5636111652,
      "eps_actual": 0.000692328575476784,
      "eps_estimate": 0.0006658945656446369,
      "surprise_percent": 3.9696989877905042,
      "price_on_date": 0.38385974135712464,
      "revenue_growth": 22.8202053317273,
      "earnings_growth": 25.037844061364417
    },
    {
      "date": "2025-01-29",
      "quarter": "Q1 2025",
      "revenue": 20064106.97715959,
      "earnings": 1264080.0354306072,
      "eps_actual": 0.000657712146702945,
      "eps_estimate": 0.0006594659998473717,
      "surprise_percent": -0.2659505031089716,
      "price_on_date": 0.3132444612488867,
      "revenue_growth": 22.935555728504468,
      "earnings_growth": 26.269438987426224
    },
    {
      "date": "2024-10-31",
      "quarter": "Q4 2024",
      "revenue": 19060901.62830161,
      "earnings": 1200876.0336590766,
      "eps_actual": 0.0006248265393677976,
      "eps_estimate": 0.0005987278138244889,
      "surprise_percent": 4.359030086910125,
      "price_on_date": 0.336110228335586,
      "revenue_growth": 24.138842490285224,
      "earnings_growth": 14.472514496417352
    },
    {
      "date": "2024-08-02",
      "quarter": "Q3 2024",
      "revenue": 18107856.54688653,
      "earnings": 1140832.2319761228,
      "eps_actual": 0.0005935852123994077,
      "eps_estimate": 0.0005752521042923047,
      "surprise_percent": 3.186969325328605,
      "price_on_date": 0.31222647097634565,
      "revenue_growth": 22.721848981007764,
      "earnings_growth": 23.228716612145284
    },
    {
      "date": "2024-05-04",
      "quarter": "Q2 2024",
      "revenue": 17202463.719542198,
      "earnings": 1083790.6203773164,
      "eps_actual": 0.0005639059517794372,
      "eps_estimate": 0.0005482791468241665,
      "surprise_percent": 2.8501548975165183,
      "price_on_date": 0.3003096031821159,
      "revenue_growth": 20.011204250347113,
      "earnings_growth": 17.010744824354223
    },
    {
      "date": "2024-02-04",
      "quarter": "Q1 2024",
      "revenue": 16342340.53356509,
      "earnings": 1029601.0893584506,
      "eps_actual": 0.0005357106541904654,
      "eps_estimate": 0.0005232354668453841,
      "surprise_percent": 2.384239627388957,
      "price_on_date": 0.27417355015525013,
      "revenue_growth": 20.9149105769758,
      "earnings_growth": 21.61758077280821
    },
    {
      "date": "2023-11-06",
      "quarter": "Q4 2023",
      "revenue": 15525223.506886834,
      "earnings": 978121.0348905281,
      "eps_actual": 0.0005089251214809421,
      "eps_estimate": 0.0005151112388343163,
      "surprise_percent": -1.2009284377823444,
      "price_on_date": 0.2579269943354582,
      "revenue_growth": 19.354318051135806,
      "earnings_growth": 22.224609149070094
    }
  ],
  "metrics": {
    "revenue_trend": [
      {
        "date": "2025-07-28",
        "value": 22231697.481617276
      },
      {
        "date": "2025-04-29",
        "value": 21120112.60753641
      },
      {
        "date": "2025-01-29",
        "value": 20064106.97715959
      },
      {
        "date": "2024-10-31",
        "value": 19060901.62830161
      },
      {
        "date": "2024-08-02",
        "value": 18107856.54688653
      },
      {
        "date": "2024-05-04",
        "value": 17202463.719542198
      },
      {
        "date": "2024-02-04",
        "value": 16342340.53356509
      },
      {
        "date": "2023-11-06",
        "value": 15525223.506886834
      }
    ],
    "eps_trend": [
      {
        "date": "2025-07-28",
        "value": 0.0007287669215545097
      },
      {
        "date": "2025-04-29",
        "value": 0.000692328575476784
      },
      {
        "date": "2025-01-29",
        "value": 0.000657712146702945
      },
      {
        "date": "2024-10-31",
        "value": 0.0006248265393677976
      },
      {
        "date": "2024-08-02",
        "value": 0.0005935852123994077
      },
      {
        "date": "2024-05-04",
        "value": 0.0005639059517794372
      },
      {
        "date": "2024-02-04",
        "value": 0.0005357106541904654
      },
      {
        "date": "2023-11-06",
        "value": 0.0005089251214809421
      }
    ],
    "earnings_dates": [
      "2025-07-28",
      "2025-04-29",
      "2025-01-29",
      "2024-10-31",
      "2024-08-02",
      "2024-05-04",
      "2024-02-04",
      "2023-11-06"
    ]
  },
  "analysis": {
    "avg_revenue_growth": 23.479519210777514,
    "avg_earnings_surprise": 1.617497794443667,
    "consistency_score": 94,
    "trend_direction": "growing"
  }
}