{
  "ticker": "ALGN",
  "quarters": [
    {
      "date": "2025-07-28",
      "quarter": "Q3 2025",
      "revenue": 98967267.08999941,
      "earnings": 9218538.483803282,
      "eps_actual": 0.0027544759956002565,
      "eps_estimate": 0.0027207611075717657,
      "surprise_percent": 1.2391711986276073,
      "price_on_date": 0.3128877258659438,
      "revenue_growth": -2.774398468653999,
      "earnings_growth": -4.194848480125287
    },
    {
      "date": "2025-04-29",
      "quarter": "Q2 2025",
      "revenue": 94018903.73549943,
      "earnings": 8757611.559613116,
      "eps_actual": 0.0026167521958202432,
      "eps_estimate": 0.0025520245634689663,
      "surprise_percent": 2.5363248174732558,
      "price_on_date": 0.3276171923477976,
      "revenue_growth": -2.6854694477117054,
      "earnings_growth": -3.3134220710016526
    },
    {
      "date": "2025-01-29",
      "quarter": "Q1 2025",
      "revenue": 89317958.54872446,
      "earnings": 8319730.98163246,
      "eps_actual": 0.002485914586029231,
      "eps_estimate": 0.0023739770501932963,
      "surprise_percent": 4.715190310151493,
      "price_on_date": 0.33059868033317474,
      "revenue_growth": -3.7129746005267497,
      "earnings_growth": -3.4991019982316347
    },
    {
      "date": "2024-10-31",
      "quarter": "Q4 2024",
      "revenue": 84852060.62128823,
      "earnings": 7903744.432550836,
      "eps_actual": 0.0023616188567277692,
      "eps_estimate": 0.002350470873448811,
      "surprise_percent": 0.4742872334597775,
      "price_on_date": 0.3120671745573001,
      "revenue_growth": -3.95236037756763,
      "earnings_growth": -3.816882594463642
    },
    {
      "date": "2024-08-02",
      "quarter": "Q3 2024",
      "revenue": 80609457.59022382,
      "earnings": 7508557.210923295,
      "eps_actual": 0.0022435379138913804,
      "eps_estimate": 0.002213393961046915,
      "surprise_percent": 1.3618882754251158,
      "price_on_date": 0.29222393798601354,
      "revenue_growth": -3.440293957798415,
      "earnings_growth": -4.017066948639919
    },
    {
      "date": "2024-05-04",
      "quarter": "Q2 2024",
      "revenue": 76578984.71071261,
      "earnings": 7133129.350377128,
      "eps_actual": 0.0021313610181968113,
      "eps_estimate": 0.00202716283414548,
      "surprise_percent": 5.140099369237619,
      "price_on_date": 0.24739502267029728,
      "revenue_growth": -3.8774619790778857,
      "earnings_growth": -2.77164085208327
    },
    {
      "date": "2024-02-04",
      "quarter": "Q1 2024",
      "revenue": 72750035.47517699,
      "earnings": 6776472.882858274,
      "eps_actual": 0.002024792967286971,
      "eps_estimate": 0.0019443740389704328,
      "surprise_percent": 4.135980356902985,
      "price_on_date": 0.23328764226320148,
      "revenue_growth": -2.9996677640990534,
      "earnings_growth": -4.182237449348122
    },
    {
      "date": "2023-11-06",
      "quarter": "Q4 2023",
      "revenue": 69112533.70141813,
      "earnings": 6437649.238715359,
      "eps_actual": 0.0019235533189226222,
      "eps_estimate": 0.001881014866606256,
      "surprise_percent": 2.261462844954247,
      "price_on_date": 0.2629593886010142,
      "revenue_growth": -2.7177513987887223,
      "earnings_growth": -3.0336253267320092
    }
  ],
  "metrics": {
    "revenue_trend": [
      {
        "date": "2025-07-28",
        "value": 98967267.08999941
      },
      {
        "date": "2025-04-29",
        "value": 94018903.73549943
      },
      {
        "date": "2025-01-29",
        "value": 89317958.54872446
      },
      {
        "date": "2024-10-31",
        "value": 84852060.62128823
      },
      {
        "date": "2024-08-02",
        "value": 80609457.59022382
      },
      {
        "date": "2024-05-04",
        "value": 76578984.71071261
      },
      {
        "date": "2024-02-04",
        "value": 72750035.47517699
      },
      {
        "date": "2023-11-06",
        "value": 69112533.70141813
      }
    ],
    "eps_trend": [
      {
        "date": "2025-07-28",
        "value": 0.0027544759956002565
      },
      {
        "date": "2025-04-29",
        "value": 0.0026167521958202432
      },
      {
        "date": "2025-01-29",
        "value": 0.002485914586029231
      },
      {
        "date": "2024-10-31",
        "value": 0.0023616188567277692
      },
      {
        "date": "2024-08-02",
        "value": 0.0022435379138913804
      },
      {
        "date": "2024-05-04",
        "value": 0.0021313610181968113
      },
      {
        "date": "2024-02-04",
        "value": 0.002024792967286971
      },
      {
        "date": "2023-11-06",
        "value": 0.0019235533189226222
      }
    ],
    "earnings_dates": [
      "2025-07-28",
      "2025-04-29",
      "2025-01-29",
      "2024-10-31",
      "2024-08-02",
      "2024-05-04",
      "2024-02-04",
      "2023-11-06"
    ]
  },
  "analysis": {
    "avg_revenue_growth": -3.281300723615021,
    "avg_earnings_surprise": 2.2412433899280333,
    "consistency_score": 69,
    "trend_direction": "stable"
  }
}