{
  "ticker": "ALL",
  "quarters": [
    {
      "date": "2025-07-28",
      "quarter": "Q3 2025",
      "revenue": 19326888.525914337,
      "earnings": 4974298.086838119,
      "eps_actual": 0.0010129008267849198,
      "eps_estimate": 0.000999400075011282,
      "surprise_percent": 1.3508856073965523,
      "price_on_date": 0.19033870352775334,
      "revenue_growth": 17.78265093453804,
      "earnings_growth": 16.01878009129882
    },
    {
      "date": "2025-04-29",
      "quarter": "Q2 2025",
      "revenue": 18360544.09961862,
      "earnings": 4725583.182496213,
      "eps_actual": 0.0009622557854456739,
      "eps_estimate": 0.0009593481867562091,
      "surprise_percent": 0.3030806467979137,
      "price_on_date": 0.1841758154027919,
      "revenue_growth": 20.741109561818412,
      "earnings_growth": 19.247371307937666
    },
    {
      "date": "2025-01-29",
      "quarter": "Q1 2025",
      "revenue": 17442516.89463769,
      "earnings": 4489304.023371402,
      "eps_actual": 0.0009141429961733901,
      "eps_estimate": 0.0009267999687856555,
      "surprise_percent": -1.3656639014402663,
      "price_on_date": 0.1876367695679727,
      "revenue_growth": 19.638071694677446,
      "earnings_growth": 14.952110602001326
    },
    {
      "date": "2024-10-31",
      "quarter": "Q4 2024",
      "revenue": 16570391.049905803,
      "earnings": 4264838.8222028315,
      "eps_actual": 0.0008684358463647205,
      "eps_estimate": 0.00082588511778717,
      "surprise_percent": 5.152136497090352,
      "price_on_date": 0.1596752682843441,
      "revenue_growth": 20.331398686146834,
      "earnings_growth": 17.809962642951067
    },
    {
      "date": "2024-08-02",
      "quarter": "Q3 2024",
      "revenue": 15741871.497410512,
      "earnings": 4051596.88109269,
      "eps_actual": 0.0008250140540464844,
      "eps_estimate": 0.0008087967634660765,
      "surprise_percent": 2.0051131894877012,
      "price_on_date": 0.1698569745908667,
      "revenue_growth": 19.047703274966807,
      "earnings_growth": 17.375184965952077
    },
    {
      "date": "2024-05-04",
      "quarter": "Q2 2024",
      "revenue": 14954777.922539985,
      "earnings": 3849017.0370380552,
      "eps_actual": 0.0007837633513441602,
      "eps_estimate": 0.0007746802371173298,
      "surprise_percent": 1.1724985086272024,
      "price_on_date": 0.16097437381635946,
      "revenue_growth": 20.62103773903536,
      "earnings_growth": 19.01102660551079
    },
    {
      "date": "2024-02-04",
      "quarter": "Q1 2024",
      "revenue": 14207039.026412986,
      "earnings": 3656566.1851861523,
      "eps_actual": 0.0007445751837769521,
      "eps_estimate": 0.0007130057686832144,
      "surprise_percent": 4.427652128543147,
      "price_on_date": 0.15528641584070138,
      "revenue_growth": 21.541437579887013,
      "earnings_growth": 15.376214376491436
    },
    {
      "date": "2023-11-06",
      "quarter": "Q4 2023",
      "revenue": 13496687.075092334,
      "earnings": 3473737.8759268443,
      "eps_actual": 0.0007073464245881044,
      "eps_estimate": 0.0007007392722479073,
      "surprise_percent": 0.942883123847478,
      "price_on_date": 0.14011243417029898,
      "revenue_growth": 16.804658667944608,
      "earnings_growth": 23.919789035448098
    }
  ],
  "metrics": {
    "revenue_trend": [
      {
        "date": "2025-07-28",
        "value": 19326888.525914337
      },
      {
        "date": "2025-04-29",
        "value": 18360544.09961862
      },
      {
        "date": "2025-01-29",
        "value": 17442516.89463769
      },
      {
        "date": "2024-10-31",
        "value": 16570391.049905803
      },
      {
        "date": "2024-08-02",
        "value": 15741871.497410512
      },
      {
        "date": "2024-05-04",
        "value": 14954777.922539985
      },
      {
        "date": "2024-02-04",
        "value": 14207039.026412986
      },
      {
        "date": "2023-11-06",
        "value": 13496687.075092334
      }
    ],
    "eps_trend": [
      {
        "date": "2025-07-28",
        "value": 0.0010129008267849198
      },
      {
        "date": "2025-04-29",
        "value": 0.0009622557854456739
      },
      {
        "date": "2025-01-29",
        "value": 0.0009141429961733901
      },
      {
        "date": "2024-10-31",
        "value": 0.0008684358463647205
      },
      {
        "date": "2024-08-02",
        "value": 0.0008250140540464844
      },
      {
        "date": "2024-05-04",
        "value": 0.0007837633513441602
      },
      {
        "date": "2024-02-04",
        "value": 0.0007445751837769521
      },
      {
        "date": "2023-11-06",
        "value": 0.0007073464245881044
      }
    ],
    "earnings_dates": [
      "2025-07-28",
      "2025-04-29",
      "2025-01-29",
      "2024-10-31",
      "2024-08-02",
      "2024-05-04",
      "2024-02-04",
      "2023-11-06"
    ]
  },
  "analysis": {
    "avg_revenue_growth": 19.623307719295184,
    "avg_earnings_surprise": 1.3601097124611379,
    "consistency_score": 71,
    "trend_direction": "growing"
  }
}