{
  "ticker": "ALLE",
  "quarters": [
    {
      "date": "2025-07-28",
      "quarter": "Q3 2025",
      "revenue": 67820983.23427308,
      "earnings": 6941224.889762059,
      "eps_actual": 0.004908399675034033,
      "eps_estimate": 0.004821174191826625,
      "surprise_percent": 1.8092165878445539,
      "price_on_date": 0.7031552100479463,
      "revenue_growth": 43.68233988521381,
      "earnings_growth": 51.72997162478364
    },
    {
      "date": "2025-04-29",
      "quarter": "Q2 2025",
      "revenue": 64429934.07255942,
      "earnings": 6594163.645273956,
      "eps_actual": 0.004662979691282331,
      "eps_estimate": 0.004504949548365956,
      "surprise_percent": 3.507922590913274,
      "price_on_date": 0.6488540417974002,
      "revenue_growth": 43.10656309184603,
      "earnings_growth": 56.52985933366811
    },
    {
      "date": "2025-01-29",
      "quarter": "Q1 2025",
      "revenue": 61208437.36893145,
      "earnings": 6264455.463010258,
      "eps_actual": 0.004429830706718214,
      "eps_estimate": 0.00451162628984481,
      "surprise_percent": -1.8129955335775199,
      "price_on_date": 0.6165052393126209,
      "revenue_growth": 37.04775859436414,
      "earnings_growth": 42.658716041328894
    },
    {
      "date": "2024-10-31",
      "quarter": "Q4 2024",
      "revenue": 58148015.50048487,
      "earnings": 5951232.689859744,
      "eps_actual": 0.0042083391713823035,
      "eps_estimate": 0.00423934034144522,
      "surprise_percent": -0.7312734427061267,
      "price_on_date": 0.5614899520851061,
      "revenue_growth": 46.83799220436368,
      "earnings_growth": 50.89448120809979
    },
    {
      "date": "2024-08-02",
      "quarter": "Q3 2024",
      "revenue": 55240614.725460626,
      "earnings": 5653671.055366757,
      "eps_actual": 0.003997922212813188,
      "eps_estimate": 0.003954772296376952,
      "surprise_percent": 1.0910847250489386,
      "price_on_date": 0.5740624422621562,
      "revenue_growth": 49.87412152402955,
      "earnings_growth": 36.6537985623806
    },
    {
      "date": "2024-05-04",
      "quarter": "Q2 2024",
      "revenue": 52478583.98918758,
      "earnings": 5370987.502598418,
      "eps_actual": 0.0037980261021725277,
      "eps_estimate": 0.0037314018776872125,
      "surprise_percent": 1.7855011780883303,
      "price_on_date": 0.4684413795131768,
      "revenue_growth": 44.999225969744536,
      "earnings_growth": 34.174631188953235
    },
    {
      "date": "2024-02-04",
      "quarter": "Q1 2024",
      "revenue": 49854654.78972821,
      "earnings": 5102438.127468498,
      "eps_actual": 0.003608124797063902,
      "eps_estimate": 0.003550252168872666,
      "surprise_percent": 1.6300990870069014,
      "price_on_date": 0.5108891885984825,
      "revenue_growth": 43.74804859251176,
      "earnings_growth": 30.700155817276784
    },
    {
      "date": "2023-11-06",
      "quarter": "Q4 2023",
      "revenue": 47361922.05024179,
      "earnings": 4847316.221095072,
      "eps_actual": 0.003427718557210706,
      "eps_estimate": 0.0034616201775610235,
      "surprise_percent": -0.9793570239183101,
      "price_on_date": 0.4477039724371647,
      "revenue_growth": 43.42557602606929,
      "earnings_growth": 46.80736247954379
    }
  ],
  "metrics": {
    "revenue_trend": [
      {
        "date": "2025-07-28",
        "value": 67820983.23427308
      },
      {
        "date": "2025-04-29",
        "value": 64429934.07255942
      },
      {
        "date": "2025-01-29",
        "value": 61208437.36893145
      },
      {
        "date": "2024-10-31",
        "value": 58148015.50048487
      },
      {
        "date": "2024-08-02",
        "value": 55240614.725460626
      },
      {
        "date": "2024-05-04",
        "value": 52478583.98918758
      },
      {
        "date": "2024-02-04",
        "value": 49854654.78972821
      },
      {
        "date": "2023-11-06",
        "value": 47361922.05024179
      }
    ],
    "eps_trend": [
      {
        "date": "2025-07-28",
        "value": 0.004908399675034033
      },
      {
        "date": "2025-04-29",
        "value": 0.004662979691282331
      },
      {
        "date": "2025-01-29",
        "value": 0.004429830706718214
      },
      {
        "date": "2024-10-31",
        "value": 0.0042083391713823035
      },
      {
        "date": "2024-08-02",
        "value": 0.003997922212813188
      },
      {
        "date": "2024-05-04",
        "value": 0.0037980261021725277
      },
      {
        "date": "2024-02-04",
        "value": 0.003608124797063902
      },
      {
        "date": "2023-11-06",
        "value": 0.003427718557210706
      }
    ],
    "earnings_dates": [
      "2025-07-28",
      "2025-04-29",
      "2025-01-29",
      "2024-10-31",
      "2024-08-02",
      "2024-05-04",
      "2024-02-04",
      "2023-11-06"
    ]
  },
  "analysis": {
    "avg_revenue_growth": 42.66866344394691,
    "avg_earnings_surprise": 0.6932175506185454,
    "consistency_score": 77,
    "trend_direction": "growing"
  }
}