{
  "ticker": "ALLY",
  "quarters": [
    {
      "date": "2025-07-28",
      "quarter": "Q3 2025",
      "revenue": 1717079761.680729,
      "earnings": 111487513.73185928,
      "eps_actual": 0.10966048916265728,
      "eps_estimate": 0.10567764776282272,
      "surprise_percent": 3.7688588685976736,
      "price_on_date": 61.98652206314594,
      "revenue_growth": -18.20277394921827,
      "earnings_growth": -18.311529444731846
    },
    {
      "date": "2025-04-29",
      "quarter": "Q2 2025",
      "revenue": 1631225773.5966923,
      "earnings": 105913138.04526632,
      "eps_actual": 0.10417746470452441,
      "eps_estimate": 0.09898825292619565,
      "surprise_percent": 5.242250090218048,
      "price_on_date": 58.02655114391731,
      "revenue_growth": -13.091829451065601,
      "earnings_growth": -13.334307029119303
    },
    {
      "date": "2025-01-29",
      "quarter": "Q1 2025",
      "revenue": 1549664484.9168577,
      "earnings": 100617481.14300299,
      "eps_actual": 0.09896859146929818,
      "eps_estimate": 0.10082919493118794,
      "surprise_percent": -1.8453023086810874,
      "price_on_date": 48.827710858932484,
      "revenue_growth": -14.468482296892196,
      "earnings_growth": -19.056298817838268
    },
    {
      "date": "2024-10-31",
      "quarter": "Q4 2024",
      "revenue": 1472181260.6710148,
      "earnings": 95586607.08585285,
      "eps_actual": 0.09402016189583327,
      "eps_estimate": 0.09446722110166932,
      "surprise_percent": -0.4732426767956895,
      "price_on_date": 55.55762742199441,
      "revenue_growth": -13.865464686071508,
      "earnings_growth": -11.511082226899477
    },
    {
      "date": "2024-08-02",
      "quarter": "Q3 2024",
      "revenue": 1398572197.637464,
      "earnings": 90807276.7315602,
      "eps_actual": 0.0893191538010416,
      "eps_estimate": 0.09004579469893377,
      "surprise_percent": -0.8069681658334769,
      "price_on_date": 46.64726097139144,
      "revenue_growth": -12.994422008662703,
      "earnings_growth": -15.086966196466417
    },
    {
      "date": "2024-05-04",
      "quarter": "Q2 2024",
      "revenue": 1328643587.7555907,
      "earnings": 86266912.89498217,
      "eps_actual": 0.08485319611098951,
      "eps_estimate": 0.08536170112607074,
      "surprise_percent": -0.5957062808884386,
      "price_on_date": 43.2054194514337,
      "revenue_growth": -14.295265409580377,
      "earnings_growth": -19.419246077767436
    },
    {
      "date": "2024-02-04",
      "quarter": "Q1 2024",
      "revenue": 1262211408.3678112,
      "earnings": 81953567.25023307,
      "eps_actual": 0.08061053630544004,
      "eps_estimate": 0.07755477357739761,
      "surprise_percent": 3.9401349357210944,
      "price_on_date": 46.62721192048499,
      "revenue_growth": -14.302391501616842,
      "earnings_growth": -18.441080248179126
    },
    {
      "date": "2023-11-06",
      "quarter": "Q4 2023",
      "revenue": 1199100837.9494205,
      "earnings": 77855888.8877214,
      "eps_actual": 0.07658000949016804,
      "eps_estimate": 0.07640314365637652,
      "surprise_percent": 0.23149025724252276,
      "price_on_date": 42.36341347996191,
      "revenue_growth": -18.665796710113728,
      "earnings_growth": -19.29454080792025
    }
  ],
  "metrics": {
    "revenue_trend": [
      {
        "date": "2025-07-28",
        "value": 1717079761.680729
      },
      {
        "date": "2025-04-29",
        "value": 1631225773.5966923
      },
      {
        "date": "2025-01-29",
        "value": 1549664484.9168577
      },
      {
        "date": "2024-10-31",
        "value": 1472181260.6710148
      },
      {
        "date": "2024-08-02",
        "value": 1398572197.637464
      },
      {
        "date": "2024-05-04",
        "value": 1328643587.7555907
      },
      {
        "date": "2024-02-04",
        "value": 1262211408.3678112
      },
      {
        "date": "2023-11-06",
        "value": 1199100837.9494205
      }
    ],
    "eps_trend": [
      {
        "date": "2025-07-28",
        "value": 0.10966048916265728
      },
      {
        "date": "2025-04-29",
        "value": 0.10417746470452441
      },
      {
        "date": "2025-01-29",
        "value": 0.09896859146929818
      },
      {
        "date": "2024-10-31",
        "value": 0.09402016189583327
      },
      {
        "date": "2024-08-02",
        "value": 0.0893191538010416
      },
      {
        "date": "2024-05-04",
        "value": 0.08485319611098951
      },
      {
        "date": "2024-02-04",
        "value": 0.08061053630544004
      },
      {
        "date": "2023-11-06",
        "value": 0.07658000949016804
      }
    ],
    "earnings_dates": [
      "2025-07-28",
      "2025-04-29",
      "2025-01-29",
      "2024-10-31",
      "2024-08-02",
      "2024-05-04",
      "2024-02-04",
      "2023-11-06"
    ]
  },
  "analysis": {
    "avg_revenue_growth": -14.907137595811893,
    "avg_earnings_surprise": 1.6731409933347363,
    "consistency_score": 67,
    "trend_direction": "declining"
  }
}