{
  "ticker": "AMAT",
  "quarters": [
    {
      "date": "2025-07-28",
      "quarter": "Q3 2025",
      "revenue": 31784296.563478846,
      "earnings": 1862699.6720371428,
      "eps_actual": 0.001659558328191513,
      "eps_estimate": 0.0015787256468043633,
      "surprise_percent": 5.120122140966684,
      "price_on_date": 1.676173988174325,
      "revenue_growth": 25.24842004020058,
      "earnings_growth": 21.356811614281153
    },
    {
      "date": "2025-04-29",
      "quarter": "Q2 2025",
      "revenue": 30195081.735304903,
      "earnings": 1769564.6884352856,
      "eps_actual": 0.0015765804117819373,
      "eps_estimate": 0.0015577372524827058,
      "surprise_percent": 1.2096493981381957,
      "price_on_date": 1.4559001875717588,
      "revenue_growth": 18.470289641482886,
      "earnings_growth": 19.625803883360163
    },
    {
      "date": "2025-01-29",
      "quarter": "Q1 2025",
      "revenue": 28685327.64853966,
      "earnings": 1681086.4540135213,
      "eps_actual": 0.0014977513911928403,
      "eps_estimate": 0.0014723006506554978,
      "surprise_percent": 1.7286374577102452,
      "price_on_date": 1.3649716814727504,
      "revenue_growth": 23.5115085929803,
      "earnings_growth": 21.005626401500844
    },
    {
      "date": "2024-10-31",
      "quarter": "Q4 2024",
      "revenue": 27251061.26611267,
      "earnings": 1597032.131312845,
      "eps_actual": 0.0014228638216331982,
      "eps_estimate": 0.0014513032170062495,
      "surprise_percent": -1.9595764027668925,
      "price_on_date": 1.4654921382622748,
      "revenue_growth": 23.245077466376777,
      "earnings_growth": 15.64912868657138
    },
    {
      "date": "2024-08-02",
      "quarter": "Q3 2024",
      "revenue": 25888508.20280704,
      "earnings": 1517180.5247472029,
      "eps_actual": 0.0013517206305515383,
      "eps_estimate": 0.0012918916663754464,
      "surprise_percent": 4.631113098201884,
      "price_on_date": 1.3013506404163058,
      "revenue_growth": 23.10399039662811,
      "earnings_growth": 28.068027167456947
    },
    {
      "date": "2024-05-04",
      "quarter": "Q2 2024",
      "revenue": 24594082.79266668,
      "earnings": 1441321.4985098424,
      "eps_actual": 0.0012841345990239612,
      "eps_estimate": 0.0012822501585730236,
      "surprise_percent": 0.14696355764422367,
      "price_on_date": 1.1431227792518357,
      "revenue_growth": 23.897359272581376,
      "earnings_growth": 22.19149145778966
    },
    {
      "date": "2024-02-04",
      "quarter": "Q1 2024",
      "revenue": 23364378.65303335,
      "earnings": 1369255.4235843504,
      "eps_actual": 0.0012199278690727632,
      "eps_estimate": 0.0012034967011624494,
      "surprise_percent": 1.3652856625567038,
      "price_on_date": 1.1811770164977748,
      "revenue_growth": 22.125057939356903,
      "earnings_growth": 15.581974412742515
    },
    {
      "date": "2023-11-06",
      "quarter": "Q4 2023",
      "revenue": 22196159.720381677,
      "earnings": 1300792.6524051325,
      "eps_actual": 0.0011589314756191248,
      "eps_estimate": 0.0011072334391912077,
      "surprise_percent": 4.669118055690276,
      "price_on_date": 1.1821857673425231,
      "revenue_growth": 21.169436376253337,
      "earnings_growth": 22.66636969733783
    }
  ],
  "metrics": {
    "revenue_trend": [
      {
        "date": "2025-07-28",
        "value": 31784296.563478846
      },
      {
        "date": "2025-04-29",
        "value": 30195081.735304903
      },
      {
        "date": "2025-01-29",
        "value": 28685327.64853966
      },
      {
        "date": "2024-10-31",
        "value": 27251061.26611267
      },
      {
        "date": "2024-08-02",
        "value": 25888508.20280704
      },
      {
        "date": "2024-05-04",
        "value": 24594082.79266668
      },
      {
        "date": "2024-02-04",
        "value": 23364378.65303335
      },
      {
        "date": "2023-11-06",
        "value": 22196159.720381677
      }
    ],
    "eps_trend": [
      {
        "date": "2025-07-28",
        "value": 0.001659558328191513
      },
      {
        "date": "2025-04-29",
        "value": 0.0015765804117819373
      },
      {
        "date": "2025-01-29",
        "value": 0.0014977513911928403
      },
      {
        "date": "2024-10-31",
        "value": 0.0014228638216331982
      },
      {
        "date": "2024-08-02",
        "value": 0.0013517206305515383
      },
      {
        "date": "2024-05-04",
        "value": 0.0012841345990239612
      },
      {
        "date": "2024-02-04",
        "value": 0.0012199278690727632
      },
      {
        "date": "2023-11-06",
        "value": 0.0011589314756191248
      }
    ],
    "earnings_dates": [
      "2025-07-28",
      "2025-04-29",
      "2025-01-29",
      "2024-10-31",
      "2024-08-02",
      "2024-05-04",
      "2024-02-04",
      "2023-11-06"
    ]
  },
  "analysis": {
    "avg_revenue_growth": 22.61882393526014,
    "avg_earnings_surprise": 1.5247081485120582,
    "consistency_score": 92,
    "trend_direction": "growing"
  }
}