{
  "ticker": "AMCR",
  "quarters": [
    {
      "date": "2025-07-28",
      "quarter": "Q3 2025",
      "revenue": 82883797.70964326,
      "earnings": 5747431.219656538,
      "eps_actual": 0.001205323970400217,
      "eps_estimate": 0.0012250367842254958,
      "surprise_percent": -1.6091609720717044,
      "price_on_date": 0.11152351975017695,
      "revenue_growth": 29.86096481774301,
      "earnings_growth": 32.273990392644436
    },
    {
      "date": "2025-04-29",
      "quarter": "Q2 2025",
      "revenue": 78739607.8241611,
      "earnings": 5460059.658673711,
      "eps_actual": 0.001145057771880206,
      "eps_estimate": 0.001144845313348905,
      "surprise_percent": 0.018557837362273896,
      "price_on_date": 0.11266657076132561,
      "revenue_growth": 32.291048314822454,
      "earnings_growth": 34.20466534005524
    },
    {
      "date": "2025-01-29",
      "quarter": "Q1 2025",
      "revenue": 74802627.43295304,
      "earnings": 5187056.675740026,
      "eps_actual": 0.0010878048832861956,
      "eps_estimate": 0.0010444686758159245,
      "surprise_percent": 4.149115093032111,
      "price_on_date": 0.11182936539642434,
      "revenue_growth": 32.39766176494783,
      "earnings_growth": 30.131852177032883
    },
    {
      "date": "2024-10-31",
      "quarter": "Q4 2024",
      "revenue": 71062496.06130537,
      "earnings": 4927703.841953023,
      "eps_actual": 0.0010334146391218857,
      "eps_estimate": 0.0010404146446790583,
      "surprise_percent": -0.6728092105366268,
      "price_on_date": 0.10510790048517024,
      "revenue_growth": 37.539998115695276,
      "earnings_growth": 37.98683576213238
    },
    {
      "date": "2024-08-02",
      "quarter": "Q3 2024",
      "revenue": 67509371.2582401,
      "earnings": 4681318.6498553725,
      "eps_actual": 0.0009817439071657915,
      "eps_estimate": 0.00096683695274297,
      "surprise_percent": 1.5418271281967033,
      "price_on_date": 0.09659280977235046,
      "revenue_growth": 38.80013974609101,
      "earnings_growth": 42.12141233046758
    },
    {
      "date": "2024-05-04",
      "quarter": "Q2 2024",
      "revenue": 64133902.695328094,
      "earnings": 4447252.717362603,
      "eps_actual": 0.0009326567118075017,
      "eps_estimate": 0.0008935723597900206,
      "surprise_percent": 4.373943709121162,
      "price_on_date": 0.08867942545249276,
      "revenue_growth": 28.85973822464311,
      "earnings_growth": 35.171085593347485
    },
    {
      "date": "2024-02-04",
      "quarter": "Q1 2024",
      "revenue": 60927207.560561694,
      "earnings": 4224890.081494473,
      "eps_actual": 0.0008860238762171266,
      "eps_estimate": 0.0008925251367426317,
      "surprise_percent": -0.728412036576595,
      "price_on_date": 0.07798978343698415,
      "revenue_growth": 28.01788695449985,
      "earnings_growth": 25.28172689032895
    },
    {
      "date": "2023-11-06",
      "quarter": "Q4 2023",
      "revenue": 57880847.1825336,
      "earnings": 4013645.577419749,
      "eps_actual": 0.0008417226824062702,
      "eps_estimate": 0.000805978541085358,
      "surprise_percent": 4.434875061658334,
      "price_on_date": 0.08313211615017115,
      "revenue_growth": 37.92748705756877,
      "earnings_growth": 28.614726197245673
    }
  ],
  "metrics": {
    "revenue_trend": [
      {
        "date": "2025-07-28",
        "value": 82883797.70964326
      },
      {
        "date": "2025-04-29",
        "value": 78739607.8241611
      },
      {
        "date": "2025-01-29",
        "value": 74802627.43295304
      },
      {
        "date": "2024-10-31",
        "value": 71062496.06130537
      },
      {
        "date": "2024-08-02",
        "value": 67509371.2582401
      },
      {
        "date": "2024-05-04",
        "value": 64133902.695328094
      },
      {
        "date": "2024-02-04",
        "value": 60927207.560561694
      },
      {
        "date": "2023-11-06",
        "value": 57880847.1825336
      }
    ],
    "eps_trend": [
      {
        "date": "2025-07-28",
        "value": 0.001205323970400217
      },
      {
        "date": "2025-04-29",
        "value": 0.001145057771880206
      },
      {
        "date": "2025-01-29",
        "value": 0.0010878048832861956
      },
      {
        "date": "2024-10-31",
        "value": 0.0010334146391218857
      },
      {
        "date": "2024-08-02",
        "value": 0.0009817439071657915
      },
      {
        "date": "2024-05-04",
        "value": 0.0009326567118075017
      },
      {
        "date": "2024-02-04",
        "value": 0.0008860238762171266
      },
      {
        "date": "2023-11-06",
        "value": 0.0008417226824062702
      }
    ],
    "earnings_dates": [
      "2025-07-28",
      "2025-04-29",
      "2025-01-29",
      "2024-10-31",
      "2024-08-02",
      "2024-05-04",
      "2024-02-04",
      "2023-11-06"
    ]
  },
  "analysis": {
    "avg_revenue_growth": 33.02241825330214,
    "avg_earnings_surprise": 0.47142568694651343,
    "consistency_score": 83,
    "trend_direction": "growing"
  }
}