{
  "ticker": "AMD",
  "quarters": [
    {
      "date": "2025-07-28",
      "quarter": "Q3 2025",
      "revenue": 11976950264.242245,
      "earnings": 485516510.4855476,
      "eps_actual": 0.11621859454118383,
      "eps_estimate": 0.11558718984023147,
      "surprise_percent": 0.5462583715592556,
      "price_on_date": 445.46956399647695,
      "revenue_growth": 33.11131139774281,
      "earnings_growth": 29.491767120168607
    },
    {
      "date": "2025-04-29",
      "quarter": "Q2 2025",
      "revenue": 11378102751.030132,
      "earnings": 461240684.9612702,
      "eps_actual": 0.11040766481412463,
      "eps_estimate": 0.10834618232251837,
      "surprise_percent": 1.9026812458142386,
      "price_on_date": 487.72540102801906,
      "revenue_growth": 30.77721303856205,
      "earnings_growth": 28.77276105282317
    },
    {
      "date": "2025-01-29",
      "quarter": "Q1 2025",
      "revenue": 10809197613.478626,
      "earnings": 438178650.7132067,
      "eps_actual": 0.1048872815734184,
      "eps_estimate": 0.10336019248621414,
      "surprise_percent": 1.4774441208668718,
      "price_on_date": 446.3412180951689,
      "revenue_growth": 35.01157698812342,
      "earnings_growth": 31.339893087273055
    },
    {
      "date": "2024-10-31",
      "quarter": "Q4 2024",
      "revenue": 10268737732.804693,
      "earnings": 416269718.1775463,
      "eps_actual": 0.09964291749474746,
      "eps_estimate": 0.09709467785100524,
      "surprise_percent": 2.6244895190368434,
      "price_on_date": 382.6838587503355,
      "revenue_growth": 34.89888357258537,
      "earnings_growth": 30.303223394379824
    },
    {
      "date": "2024-08-02",
      "quarter": "Q3 2024",
      "revenue": 9755300846.16446,
      "earnings": 395456232.268669,
      "eps_actual": 0.09466077162001009,
      "eps_estimate": 0.09479859230470415,
      "surprise_percent": -0.1453826278886877,
      "price_on_date": 379.1074126710743,
      "revenue_growth": 30.8429727299114,
      "earnings_growth": 42.04027250094618
    },
    {
      "date": "2024-05-04",
      "quarter": "Q2 2024",
      "revenue": 9267535803.856234,
      "earnings": 375683420.65523547,
      "eps_actual": 0.08992773303900957,
      "eps_estimate": 0.08657311544787459,
      "surprise_percent": 3.8748953110677684,
      "price_on_date": 408.4385306089614,
      "revenue_growth": 36.65784108340311,
      "earnings_growth": 35.38889877170547
    },
    {
      "date": "2024-02-04",
      "quarter": "Q1 2024",
      "revenue": 8804159013.663424,
      "earnings": 356899249.6224738,
      "eps_actual": 0.08543134638705911,
      "eps_estimate": 0.08557160745394808,
      "surprise_percent": -0.1639107538846378,
      "price_on_date": 384.0685936159267,
      "revenue_growth": 28.054262215930795,
      "earnings_growth": 39.93128268183104
    },
    {
      "date": "2023-11-06",
      "quarter": "Q4 2023",
      "revenue": 8363951062.98025,
      "earnings": 339054287.14135,
      "eps_actual": 0.08115977906770612,
      "eps_estimate": 0.08228666098128688,
      "surprise_percent": -1.3694587921571288,
      "price_on_date": 327.08510188344155,
      "revenue_growth": 39.934269663443466,
      "earnings_growth": 32.35691558223503
    }
  ],
  "metrics": {
    "revenue_trend": [
      {
        "date": "2025-07-28",
        "value": 11976950264.242245
      },
      {
        "date": "2025-04-29",
        "value": 11378102751.030132
      },
      {
        "date": "2025-01-29",
        "value": 10809197613.478626
      },
      {
        "date": "2024-10-31",
        "value": 10268737732.804693
      },
      {
        "date": "2024-08-02",
        "value": 9755300846.16446
      },
      {
        "date": "2024-05-04",
        "value": 9267535803.856234
      },
      {
        "date": "2024-02-04",
        "value": 8804159013.663424
      },
      {
        "date": "2023-11-06",
        "value": 8363951062.98025
      }
    ],
    "eps_trend": [
      {
        "date": "2025-07-28",
        "value": 0.11621859454118383
      },
      {
        "date": "2025-04-29",
        "value": 0.11040766481412463
      },
      {
        "date": "2025-01-29",
        "value": 0.1048872815734184
      },
      {
        "date": "2024-10-31",
        "value": 0.09964291749474746
      },
      {
        "date": "2024-08-02",
        "value": 0.09466077162001009
      },
      {
        "date": "2024-05-04",
        "value": 0.08992773303900957
      },
      {
        "date": "2024-02-04",
        "value": 0.08543134638705911
      },
      {
        "date": "2023-11-06",
        "value": 0.08115977906770612
      }
    ],
    "earnings_dates": [
      "2025-07-28",
      "2025-04-29",
      "2025-01-29",
      "2024-10-31",
      "2024-08-02",
      "2024-05-04",
      "2024-02-04",
      "2023-11-06"
    ]
  },
  "analysis": {
    "avg_revenue_growth": 33.449746249253415,
    "avg_earnings_surprise": 1.6377183143193024,
    "consistency_score": 68,
    "trend_direction": "growing"
  }
}