{
  "ticker": "AME",
  "quarters": [
    {
      "date": "2025-07-28",
      "quarter": "Q3 2025",
      "revenue": 120979552.57611649,
      "earnings": 14516584.956656868,
      "eps_actual": 0.02216238672851821,
      "eps_estimate": 0.02130249224307471,
      "surprise_percent": 4.036591003679614,
      "price_on_date": 2.8717923198727533,
      "revenue_growth": 8.565870172312662,
      "earnings_growth": 7.0143827353136645
    },
    {
      "date": "2025-04-29",
      "quarter": "Q2 2025",
      "revenue": 114930574.94731066,
      "earnings": 13790755.708824024,
      "eps_actual": 0.021054267392092298,
      "eps_estimate": 0.021466774049920232,
      "surprise_percent": -1.921605253163166,
      "price_on_date": 2.4196390600800055,
      "revenue_growth": 8.430432733994984,
      "earnings_growth": 7.644288416050924
    },
    {
      "date": "2025-01-29",
      "quarter": "Q1 2025",
      "revenue": 109184046.19994512,
      "earnings": 13101217.923382822,
      "eps_actual": 0.020001554022487683,
      "eps_estimate": 0.019192849655543392,
      "surprise_percent": 4.213571103083781,
      "price_on_date": 2.396744106705203,
      "revenue_growth": 8.222907786177913,
      "earnings_growth": 5.441140385736152
    },
    {
      "date": "2024-10-31",
      "quarter": "Q4 2024",
      "revenue": 103724843.88994786,
      "earnings": 12446157.027213681,
      "eps_actual": 0.0190014763213633,
      "eps_estimate": 0.01871424701647448,
      "surprise_percent": 1.53481625328535,
      "price_on_date": 2.39681643187194,
      "revenue_growth": 7.120390603015869,
      "earnings_growth": 6.212122183872552
    },
    {
      "date": "2024-08-02",
      "quarter": "Q3 2024",
      "revenue": 98538601.69545047,
      "earnings": 11823849.175852997,
      "eps_actual": 0.018051402505295133,
      "eps_estimate": 0.017899360456879176,
      "surprise_percent": 0.8494272674280002,
      "price_on_date": 2.390907607169272,
      "revenue_growth": 7.2457647013471025,
      "earnings_growth": 7.5085095982112975
    },
    {
      "date": "2024-05-04",
      "quarter": "Q2 2024",
      "revenue": 93611671.61067793,
      "earnings": 11232656.717060344,
      "eps_actual": 0.01714883238003037,
      "eps_estimate": 0.017458053535805006,
      "surprise_percent": -1.7712235510129921,
      "price_on_date": 1.9273827380900481,
      "revenue_growth": 7.443311292614042,
      "earnings_growth": 6.979418961975889
    },
    {
      "date": "2024-02-04",
      "quarter": "Q1 2024",
      "revenue": 88931088.03014404,
      "earnings": 10671023.881207328,
      "eps_actual": 0.016291390761028854,
      "eps_estimate": 0.015777641996659653,
      "surprise_percent": 3.2561821625688365,
      "price_on_date": 1.9555359374609944,
      "revenue_growth": 7.941641215843175,
      "earnings_growth": 9.81115802996669
    },
    {
      "date": "2023-11-06",
      "quarter": "Q4 2023",
      "revenue": 84484533.62863682,
      "earnings": 10137472.68714696,
      "eps_actual": 0.015476821222977409,
      "eps_estimate": 0.014708760330499383,
      "surprise_percent": 5.221792151208094,
      "price_on_date": 1.8671006036798594,
      "revenue_growth": 7.3363806994509275,
      "earnings_growth": 6.383012176352289
    }
  ],
  "metrics": {
    "revenue_trend": [
      {
        "date": "2025-07-28",
        "value": 120979552.57611649
      },
      {
        "date": "2025-04-29",
        "value": 114930574.94731066
      },
      {
        "date": "2025-01-29",
        "value": 109184046.19994512
      },
      {
        "date": "2024-10-31",
        "value": 103724843.88994786
      },
      {
        "date": "2024-08-02",
        "value": 98538601.69545047
      },
      {
        "date": "2024-05-04",
        "value": 93611671.61067793
      },
      {
        "date": "2024-02-04",
        "value": 88931088.03014404
      },
      {
        "date": "2023-11-06",
        "value": 84484533.62863682
      }
    ],
    "eps_trend": [
      {
        "date": "2025-07-28",
        "value": 0.02216238672851821
      },
      {
        "date": "2025-04-29",
        "value": 0.021054267392092298
      },
      {
        "date": "2025-01-29",
        "value": 0.020001554022487683
      },
      {
        "date": "2024-10-31",
        "value": 0.0190014763213633
      },
      {
        "date": "2024-08-02",
        "value": 0.018051402505295133
      },
      {
        "date": "2024-05-04",
        "value": 0.01714883238003037
      },
      {
        "date": "2024-02-04",
        "value": 0.016291390761028854
      },
      {
        "date": "2023-11-06",
        "value": 0.015476821222977409
      }
    ],
    "earnings_dates": [
      "2025-07-28",
      "2025-04-29",
      "2025-01-29",
      "2024-10-31",
      "2024-08-02",
      "2024-05-04",
      "2024-02-04",
      "2023-11-06"
    ]
  },
  "analysis": {
    "avg_revenue_growth": 8.084900323875358,
    "avg_earnings_surprise": 1.965843276721395,
    "consistency_score": 77,
    "trend_direction": "growing"
  }
}