{
  "ticker": "AMGN",
  "quarters": [
    {
      "date": "2025-07-28",
      "quarter": "Q3 2025",
      "revenue": 1899624579.597079,
      "earnings": 319143547.80494606,
      "eps_actual": 0.07610611116788377,
      "eps_estimate": 0.074461619179356,
      "surprise_percent": 2.2085095739949963,
      "price_on_date": 20.41573929510636,
      "revenue_growth": 7.59264081093259,
      "earnings_growth": 5.481666487094862
    },
    {
      "date": "2025-04-29",
      "quarter": "Q2 2025",
      "revenue": 1804643350.617225,
      "earnings": 303186370.4146987,
      "eps_actual": 0.07230080560948957,
      "eps_estimate": 0.07167427528120175,
      "surprise_percent": 0.8741355609522793,
      "price_on_date": 19.672496989119132,
      "revenue_growth": 5.9390041551907595,
      "earnings_growth": 5.941122975409246
    },
    {
      "date": "2025-01-29",
      "quarter": "Q1 2025",
      "revenue": 1714411183.0863638,
      "earnings": 288027051.8939638,
      "eps_actual": 0.06868576532901509,
      "eps_estimate": 0.065624200868505,
      "surprise_percent": 4.665297893142691,
      "price_on_date": 19.196799215101407,
      "revenue_growth": 6.527685048127974,
      "earnings_growth": 8.531767633472482
    },
    {
      "date": "2024-10-31",
      "quarter": "Q4 2024",
      "revenue": 1628690623.9320455,
      "earnings": 273625699.29926556,
      "eps_actual": 0.06525147706256432,
      "eps_estimate": 0.0635317683240882,
      "surprise_percent": 2.7068485323807407,
      "price_on_date": 18.42738529638012,
      "revenue_growth": 6.894302377208277,
      "earnings_growth": 7.581344248034177
    },
    {
      "date": "2024-08-02",
      "quarter": "Q3 2024",
      "revenue": 1547256092.735443,
      "earnings": 259944414.33430228,
      "eps_actual": 0.061988903209436105,
      "eps_estimate": 0.062057889422717984,
      "surprise_percent": -0.11116429179852841,
      "price_on_date": 15.364766183379771,
      "revenue_growth": 8.400714864809016,
      "earnings_growth": 6.850148881068178
    },
    {
      "date": "2024-05-04",
      "quarter": "Q2 2024",
      "revenue": 1469893288.0986707,
      "earnings": 246947193.61758715,
      "eps_actual": 0.0588894580489643,
      "eps_estimate": 0.05806095425768772,
      "surprise_percent": 1.426955174728071,
      "price_on_date": 14.862858434363675,
      "revenue_growth": 7.404928341361854,
      "earnings_growth": 8.04936000328727
    },
    {
      "date": "2024-02-04",
      "quarter": "Q1 2024",
      "revenue": 1396398623.6937373,
      "earnings": 234599833.9367078,
      "eps_actual": 0.05594498514651608,
      "eps_estimate": 0.0564083758116594,
      "surprise_percent": -0.8214926568538821,
      "price_on_date": 16.253020881825194,
      "revenue_growth": 8.335563544096164,
      "earnings_growth": 7.256386517940011
    },
    {
      "date": "2023-11-06",
      "quarter": "Q4 2023",
      "revenue": 1326578692.5090501,
      "earnings": 222869842.23987237,
      "eps_actual": 0.05314773588919027,
      "eps_estimate": 0.051439125594164005,
      "surprise_percent": 3.321616134198276,
      "price_on_date": 14.93491561884982,
      "revenue_growth": 7.098994783767804,
      "earnings_growth": 8.26726767797273
    }
  ],
  "metrics": {
    "revenue_trend": [
      {
        "date": "2025-07-28",
        "value": 1899624579.597079
      },
      {
        "date": "2025-04-29",
        "value": 1804643350.617225
      },
      {
        "date": "2025-01-29",
        "value": 1714411183.0863638
      },
      {
        "date": "2024-10-31",
        "value": 1628690623.9320455
      },
      {
        "date": "2024-08-02",
        "value": 1547256092.735443
      },
      {
        "date": "2024-05-04",
        "value": 1469893288.0986707
      },
      {
        "date": "2024-02-04",
        "value": 1396398623.6937373
      },
      {
        "date": "2023-11-06",
        "value": 1326578692.5090501
      }
    ],
    "eps_trend": [
      {
        "date": "2025-07-28",
        "value": 0.07610611116788377
      },
      {
        "date": "2025-04-29",
        "value": 0.07230080560948957
      },
      {
        "date": "2025-01-29",
        "value": 0.06868576532901509
      },
      {
        "date": "2024-10-31",
        "value": 0.06525147706256432
      },
      {
        "date": "2024-08-02",
        "value": 0.061988903209436105
      },
      {
        "date": "2024-05-04",
        "value": 0.0588894580489643
      },
      {
        "date": "2024-02-04",
        "value": 0.05594498514651608
      },
      {
        "date": "2023-11-06",
        "value": 0.05314773588919027
      }
    ],
    "earnings_dates": [
      "2025-07-28",
      "2025-04-29",
      "2025-01-29",
      "2024-10-31",
      "2024-08-02",
      "2024-05-04",
      "2024-02-04",
      "2023-11-06"
    ]
  },
  "analysis": {
    "avg_revenue_growth": 6.7384080978649,
    "avg_earnings_surprise": 2.613697890117677,
    "consistency_score": 91,
    "trend_direction": "growing"
  }
}