{
  "ticker": "AMP",
  "quarters": [
    {
      "date": "2025-07-28",
      "quarter": "Q3 2025",
      "revenue": 16437045.121255657,
      "earnings": 1001609.4472591785,
      "eps_actual": 0.00041549121626115204,
      "eps_estimate": 0.0004134191064754997,
      "surprise_percent": 0.5012128741019244,
      "price_on_date": 0.5007270559182113,
      "revenue_growth": 22.05160350377846,
      "earnings_growth": 13.66525967445967
    },
    {
      "date": "2025-04-29",
      "quarter": "Q2 2025",
      "revenue": 15615192.865192873,
      "earnings": 951528.9748962196,
      "eps_actual": 0.00039471665544809443,
      "eps_estimate": 0.0003811669056966692,
      "surprise_percent": 3.5548075000530255,
      "price_on_date": 0.40826832060178014,
      "revenue_growth": 19.52163266582457,
      "earnings_growth": 21.70328128084511
    },
    {
      "date": "2025-01-29",
      "quarter": "Q1 2025",
      "revenue": 14834433.221933229,
      "earnings": 903952.5261514086,
      "eps_actual": 0.0003749808226756897,
      "eps_estimate": 0.00036756568510084604,
      "surprise_percent": 2.0173639366822864,
      "price_on_date": 0.4365955216684373,
      "revenue_growth": 16.044087707820616,
      "earnings_growth": 13.847555404469054
    },
    {
      "date": "2024-10-31",
      "quarter": "Q4 2024",
      "revenue": 14092711.560836567,
      "earnings": 858754.8998438381,
      "eps_actual": 0.0003562317815419052,
      "eps_estimate": 0.0003540355653819352,
      "surprise_percent": 0.6203377216073395,
      "price_on_date": 0.4010876875879576,
      "revenue_growth": 22.06845426835384,
      "earnings_growth": 21.2313053381887
    },
    {
      "date": "2024-08-02",
      "quarter": "Q3 2024",
      "revenue": 13388075.982794737,
      "earnings": 815817.1548516462,
      "eps_actual": 0.0003384201924648099,
      "eps_estimate": 0.0003434223321576661,
      "surprise_percent": -1.4565563227727665,
      "price_on_date": 0.39204412976831915,
      "revenue_growth": 22.252614043604186,
      "earnings_growth": 21.17000647338525
    },
    {
      "date": "2024-05-04",
      "quarter": "Q2 2024",
      "revenue": 12718672.183655,
      "earnings": 775026.2971090637,
      "eps_actual": 0.00032149918284156935,
      "eps_estimate": 0.00031930259909512544,
      "surprise_percent": 0.6879316838224409,
      "price_on_date": 0.37688954193093366,
      "revenue_growth": 20.585515594662667,
      "earnings_growth": 20.265195212584132
    },
    {
      "date": "2024-02-04",
      "quarter": "Q1 2024",
      "revenue": 12082738.57447225,
      "earnings": 736274.9822536106,
      "eps_actual": 0.00030542422369949095,
      "eps_estimate": 0.00031015107265187913,
      "surprise_percent": -1.5240472689558338,
      "price_on_date": 0.3070814638355101,
      "revenue_growth": 15.333286379328955,
      "earnings_growth": 23.83454331260836
    },
    {
      "date": "2023-11-06",
      "quarter": "Q4 2023",
      "revenue": 11478601.645748636,
      "earnings": 699461.23314093,
      "eps_actual": 0.00029015301251451636,
      "eps_estimate": 0.0002850554045217907,
      "surprise_percent": 1.7882867371967162,
      "price_on_date": 0.29900380809075766,
      "revenue_growth": 20.190090967687393,
      "earnings_growth": 14.475058584609638
    }
  ],
  "metrics": {
    "revenue_trend": [
      {
        "date": "2025-07-28",
        "value": 16437045.121255657
      },
      {
        "date": "2025-04-29",
        "value": 15615192.865192873
      },
      {
        "date": "2025-01-29",
        "value": 14834433.221933229
      },
      {
        "date": "2024-10-31",
        "value": 14092711.560836567
      },
      {
        "date": "2024-08-02",
        "value": 13388075.982794737
      },
      {
        "date": "2024-05-04",
        "value": 12718672.183655
      },
      {
        "date": "2024-02-04",
        "value": 12082738.57447225
      },
      {
        "date": "2023-11-06",
        "value": 11478601.645748636
      }
    ],
    "eps_trend": [
      {
        "date": "2025-07-28",
        "value": 0.00041549121626115204
      },
      {
        "date": "2025-04-29",
        "value": 0.00039471665544809443
      },
      {
        "date": "2025-01-29",
        "value": 0.0003749808226756897
      },
      {
        "date": "2024-10-31",
        "value": 0.0003562317815419052
      },
      {
        "date": "2024-08-02",
        "value": 0.0003384201924648099
      },
      {
        "date": "2024-05-04",
        "value": 0.00032149918284156935
      },
      {
        "date": "2024-02-04",
        "value": 0.00030542422369949095
      },
      {
        "date": "2023-11-06",
        "value": 0.00029015301251451636
      }
    ],
    "earnings_dates": [
      "2025-07-28",
      "2025-04-29",
      "2025-01-29",
      "2024-10-31",
      "2024-08-02",
      "2024-05-04",
      "2024-02-04",
      "2023-11-06"
    ]
  },
  "analysis": {
    "avg_revenue_growth": 19.92144453644437,
    "avg_earnings_surprise": 1.6734305081111438,
    "consistency_score": 77,
    "trend_direction": "growing"
  }
}