{
  "ticker": "AMT",
  "quarters": [
    {
      "date": "2025-07-28",
      "quarter": "Q3 2025",
      "revenue": 1809547546.46985,
      "earnings": 444382949.59034586,
      "eps_actual": 1.2717235739385904,
      "eps_estimate": 1.2793764322498353,
      "surprise_percent": -0.5981709619104908,
      "price_on_date": 261.4686887235147,
      "revenue_growth": -19.744093587986015,
      "earnings_growth": -24.59554595399865
    },
    {
      "date": "2025-04-29",
      "quarter": "Q2 2025",
      "revenue": 1719070169.1463575,
      "earnings": 422163802.1108285,
      "eps_actual": 1.2081373952416607,
      "eps_estimate": 1.1903055780564837,
      "surprise_percent": 1.4980873410920736,
      "price_on_date": 230.48082886742728,
      "revenue_growth": -19.778265526494554,
      "earnings_growth": -23.9665522117374
    },
    {
      "date": "2025-01-29",
      "quarter": "Q1 2025",
      "revenue": 1633116660.6890397,
      "earnings": 401055612.0052871,
      "eps_actual": 1.1477305254795778,
      "eps_estimate": 1.1052015236648693,
      "surprise_percent": 3.8480766542631466,
      "price_on_date": 219.17734744388952,
      "revenue_growth": -22.8938254264927,
      "earnings_growth": -17.108254112346344
    },
    {
      "date": "2024-10-31",
      "quarter": "Q4 2024",
      "revenue": 1551460827.6545875,
      "earnings": 381002831.40502274,
      "eps_actual": 1.0903439992055988,
      "eps_estimate": 1.0598679231603836,
      "surprise_percent": 2.8754597982680354,
      "price_on_date": 214.02080451244407,
      "revenue_growth": -16.506917089123007,
      "earnings_growth": -17.329481815854017
    },
    {
      "date": "2024-08-02",
      "quarter": "Q3 2024",
      "revenue": 1473887786.271858,
      "earnings": 361952689.8347715,
      "eps_actual": 1.0358267992453185,
      "eps_estimate": 1.0265674578788357,
      "surprise_percent": 0.9019710585425192,
      "price_on_date": 191.079670209021,
      "revenue_growth": -15.794916282227076,
      "earnings_growth": -14.759157316679728
    },
    {
      "date": "2024-05-04",
      "quarter": "Q2 2024",
      "revenue": 1400193396.958265,
      "earnings": 343855055.34303296,
      "eps_actual": 0.9840354592830527,
      "eps_estimate": 0.9599711942056554,
      "surprise_percent": 2.506769497110768,
      "price_on_date": 175.37932943481684,
      "revenue_growth": -17.939656466303,
      "earnings_growth": -21.83169046623575
    },
    {
      "date": "2024-02-04",
      "quarter": "Q1 2024",
      "revenue": 1330183727.1103518,
      "earnings": 326662302.5758813,
      "eps_actual": 0.9348336863189001,
      "eps_estimate": 0.9317300448476387,
      "surprise_percent": 0.3331052259636999,
      "price_on_date": 164.51207238372422,
      "revenue_growth": -19.933726333348858,
      "earnings_growth": -24.548372546524448
    },
    {
      "date": "2023-11-06",
      "quarter": "Q4 2023",
      "revenue": 1263674540.754834,
      "earnings": 310329187.44708717,
      "eps_actual": 0.8880920020029548,
      "eps_estimate": 0.8793965345910832,
      "surprise_percent": 0.9887993720506206,
      "price_on_date": 175.4036420233808,
      "revenue_growth": -18.552653932425265,
      "earnings_growth": -19.935368930992382
    }
  ],
  "metrics": {
    "revenue_trend": [
      {
        "date": "2025-07-28",
        "value": 1809547546.46985
      },
      {
        "date": "2025-04-29",
        "value": 1719070169.1463575
      },
      {
        "date": "2025-01-29",
        "value": 1633116660.6890397
      },
      {
        "date": "2024-10-31",
        "value": 1551460827.6545875
      },
      {
        "date": "2024-08-02",
        "value": 1473887786.271858
      },
      {
        "date": "2024-05-04",
        "value": 1400193396.958265
      },
      {
        "date": "2024-02-04",
        "value": 1330183727.1103518
      },
      {
        "date": "2023-11-06",
        "value": 1263674540.754834
      }
    ],
    "eps_trend": [
      {
        "date": "2025-07-28",
        "value": 1.2717235739385904
      },
      {
        "date": "2025-04-29",
        "value": 1.2081373952416607
      },
      {
        "date": "2025-01-29",
        "value": 1.1477305254795778
      },
      {
        "date": "2024-10-31",
        "value": 1.0903439992055988
      },
      {
        "date": "2024-08-02",
        "value": 1.0358267992453185
      },
      {
        "date": "2024-05-04",
        "value": 0.9840354592830527
      },
      {
        "date": "2024-02-04",
        "value": 0.9348336863189001
      },
      {
        "date": "2023-11-06",
        "value": 0.8880920020029548
      }
    ],
    "earnings_dates": [
      "2025-07-28",
      "2025-04-29",
      "2025-01-29",
      "2024-10-31",
      "2024-08-02",
      "2024-05-04",
      "2024-02-04",
      "2023-11-06"
    ]
  },
  "analysis": {
    "avg_revenue_growth": -19.730775407524067,
    "avg_earnings_surprise": 1.9058632079281912,
    "consistency_score": 65,
    "trend_direction": "declining"
  }
}