{
  "ticker": "AMZN",
  "quarters": [
    {
      "date": "2025-07-28",
      "quarter": "Q3 2025",
      "revenue": 71394740994.56325,
      "earnings": 1839694302.0788357,
      "eps_actual": 2.0814153742164185,
      "eps_estimate": 2.024580323410097,
      "surprise_percent": 2.8072509719244607,
      "price_on_date": 2029.1219151852272,
      "revenue_growth": 45.615911247948674,
      "earnings_growth": 29.335173521269216
    },
    {
      "date": "2025-04-29",
      "quarter": "Q2 2025",
      "revenue": 67825003944.83508,
      "earnings": 1747709586.9748938,
      "eps_actual": 1.9773446055055974,
      "eps_estimate": 1.9876861981682379,
      "surprise_percent": -0.5202829637882881,
      "price_on_date": 1923.3551001989586,
      "revenue_growth": 43.93765174046212,
      "earnings_growth": 36.71080484316799
    },
    {
      "date": "2025-01-29",
      "quarter": "Q1 2025",
      "revenue": 64433753747.59333,
      "earnings": 1660324107.6261492,
      "eps_actual": 1.8784773752303177,
      "eps_estimate": 1.8337652896756662,
      "surprise_percent": 2.438266544054805,
      "price_on_date": 1767.7741764950833,
      "revenue_growth": 34.1460254329399,
      "earnings_growth": 36.726068902090276
    },
    {
      "date": "2024-10-31",
      "quarter": "Q4 2024",
      "revenue": 61212066060.21365,
      "earnings": 1577307902.2448416,
      "eps_actual": 1.7845535064688016,
      "eps_estimate": 1.7525418154028127,
      "surprise_percent": 1.8265864348937757,
      "price_on_date": 1707.9574750179745,
      "revenue_growth": 49.297856142979974,
      "earnings_growth": 46.3598216765361
    },
    {
      "date": "2024-08-02",
      "quarter": "Q3 2024",
      "revenue": 58151462757.20297,
      "earnings": 1498442507.1325994,
      "eps_actual": 1.6953258311453614,
      "eps_estimate": 1.6183120685325674,
      "surprise_percent": 4.758894412906875,
      "price_on_date": 1785.4944292873517,
      "revenue_growth": 47.92321214919531,
      "earnings_growth": 43.41740806420179
    },
    {
      "date": "2024-05-04",
      "quarter": "Q2 2024",
      "revenue": 55243889619.34282,
      "earnings": 1423520381.7759693,
      "eps_actual": 1.6105595395880932,
      "eps_estimate": 1.5932979280272574,
      "surprise_percent": 1.083388816190089,
      "price_on_date": 1615.3512766615647,
      "revenue_growth": 38.276496128187425,
      "earnings_growth": 38.42404411666583
    },
    {
      "date": "2024-02-04",
      "quarter": "Q1 2024",
      "revenue": 52481695138.37568,
      "earnings": 1352344362.687171,
      "eps_actual": 1.5300315626086887,
      "eps_estimate": 1.4920010917733948,
      "surprise_percent": 2.548957306062745,
      "price_on_date": 1476.4943997840683,
      "revenue_growth": 44.48915947728573,
      "earnings_growth": 48.774194553937086
    },
    {
      "date": "2023-11-06",
      "quarter": "Q4 2023",
      "revenue": 49857610381.45689,
      "earnings": 1284727144.552812,
      "eps_actual": 1.4535299844782539,
      "eps_estimate": 1.444144885453211,
      "surprise_percent": 0.6498723998941086,
      "price_on_date": 1395.1353883018755,
      "revenue_growth": 33.8087986934579,
      "earnings_growth": 48.95456944366571
    }
  ],
  "metrics": {
    "revenue_trend": [
      {
        "date": "2025-07-28",
        "value": 71394740994.56325
      },
      {
        "date": "2025-04-29",
        "value": 67825003944.83508
      },
      {
        "date": "2025-01-29",
        "value": 64433753747.59333
      },
      {
        "date": "2024-10-31",
        "value": 61212066060.21365
      },
      {
        "date": "2024-08-02",
        "value": 58151462757.20297
      },
      {
        "date": "2024-05-04",
        "value": 55243889619.34282
      },
      {
        "date": "2024-02-04",
        "value": 52481695138.37568
      },
      {
        "date": "2023-11-06",
        "value": 49857610381.45689
      }
    ],
    "eps_trend": [
      {
        "date": "2025-07-28",
        "value": 2.0814153742164185
      },
      {
        "date": "2025-04-29",
        "value": 1.9773446055055974
      },
      {
        "date": "2025-01-29",
        "value": 1.8784773752303177
      },
      {
        "date": "2024-10-31",
        "value": 1.7845535064688016
      },
      {
        "date": "2024-08-02",
        "value": 1.6953258311453614
      },
      {
        "date": "2024-05-04",
        "value": 1.6105595395880932
      },
      {
        "date": "2024-02-04",
        "value": 1.5300315626086887
      },
      {
        "date": "2023-11-06",
        "value": 1.4535299844782539
      }
    ],
    "earnings_dates": [
      "2025-07-28",
      "2025-04-29",
      "2025-01-29",
      "2024-10-31",
      "2024-08-02",
      "2024-05-04",
      "2024-02-04",
      "2023-11-06"
    ]
  },
  "analysis": {
    "avg_revenue_growth": 43.249361141082666,
    "avg_earnings_surprise": 1.6379552467711884,
    "consistency_score": 92,
    "trend_direction": "growing"
  }
}