{
  "ticker": "ANET",
  "quarters": [
    {
      "date": "2025-07-28",
      "quarter": "Q3 2025",
      "revenue": 119016302.9145567,
      "earnings": 6619049.015914715,
      "eps_actual": 0.0013713863256243262,
      "eps_estimate": 0.0013549203486632343,
      "surprise_percent": 1.2152726894490329,
      "price_on_date": 0.27961109805992407,
      "revenue_growth": 4.094599202247837,
      "earnings_growth": 4.215484244129344
    },
    {
      "date": "2025-04-29",
      "quarter": "Q2 2025",
      "revenue": 113065487.76882885,
      "earnings": 6288096.565118979,
      "eps_actual": 0.0013028170093431098,
      "eps_estimate": 0.001293067127760322,
      "surprise_percent": 0.7540120209903719,
      "price_on_date": 0.27461616807435413,
      "revenue_growth": 3.2150825629848097,
      "earnings_growth": 3.119551117287851
    },
    {
      "date": "2025-01-29",
      "quarter": "Q1 2025",
      "revenue": 107412213.38038741,
      "earnings": 5973691.736863029,
      "eps_actual": 0.0012376761588759543,
      "eps_estimate": 0.0012058858177517503,
      "surprise_percent": 2.636264616120443,
      "price_on_date": 0.23819480852609237,
      "revenue_growth": 3.997348546500049,
      "earnings_growth": 4.5279143032354465
    },
    {
      "date": "2024-10-31",
      "quarter": "Q4 2024",
      "revenue": 102041602.71136804,
      "earnings": 5675007.150019878,
      "eps_actual": 0.0011757923509321565,
      "eps_estimate": 0.001178956755012138,
      "surprise_percent": -0.2684071376264232,
      "price_on_date": 0.23698621230427758,
      "revenue_growth": 3.18458479728413,
      "earnings_growth": 3.5580226096275154
    },
    {
      "date": "2024-08-02",
      "quarter": "Q3 2024",
      "revenue": 96939522.57579963,
      "earnings": 5391256.792518884,
      "eps_actual": 0.0011170027333855487,
      "eps_estimate": 0.0010889349955603583,
      "surprise_percent": 2.5775402516792947,
      "price_on_date": 0.23846639269765021,
      "revenue_growth": 3.096917285328227,
      "earnings_growth": 4.160869779267865
    },
    {
      "date": "2024-05-04",
      "quarter": "Q2 2024",
      "revenue": 92092546.44700964,
      "earnings": 5121693.952892939,
      "eps_actual": 0.0010611525967162711,
      "eps_estimate": 0.0010470224361852516,
      "surprise_percent": 1.3495566133713102,
      "price_on_date": 0.2143168031175747,
      "revenue_growth": 3.407319410517537,
      "earnings_growth": 2.557751150772951
    },
    {
      "date": "2024-02-04",
      "quarter": "Q1 2024",
      "revenue": 87487919.12465915,
      "earnings": 4865609.255248291,
      "eps_actual": 0.0010080949668804574,
      "eps_estimate": 0.0009849221341891156,
      "surprise_percent": 2.3527578360719783,
      "price_on_date": 0.19578212536525727,
      "revenue_growth": 2.9039435843621035,
      "earnings_growth": 4.483293058701942
    },
    {
      "date": "2023-11-06",
      "quarter": "Q4 2023",
      "revenue": 83113523.16842619,
      "earnings": 4622328.792485877,
      "eps_actual": 0.0009576902185364346,
      "eps_estimate": 0.000930572509927036,
      "surprise_percent": 2.914088727113251,
      "price_on_date": 0.18959464443950264,
      "revenue_growth": 4.110846723734413,
      "earnings_growth": 4.1087494843181265
    }
  ],
  "metrics": {
    "revenue_trend": [
      {
        "date": "2025-07-28",
        "value": 119016302.9145567
      },
      {
        "date": "2025-04-29",
        "value": 113065487.76882885
      },
      {
        "date": "2025-01-29",
        "value": 107412213.38038741
      },
      {
        "date": "2024-10-31",
        "value": 102041602.71136804
      },
      {
        "date": "2024-08-02",
        "value": 96939522.57579963
      },
      {
        "date": "2024-05-04",
        "value": 92092546.44700964
      },
      {
        "date": "2024-02-04",
        "value": 87487919.12465915
      },
      {
        "date": "2023-11-06",
        "value": 83113523.16842619
      }
    ],
    "eps_trend": [
      {
        "date": "2025-07-28",
        "value": 0.0013713863256243262
      },
      {
        "date": "2025-04-29",
        "value": 0.0013028170093431098
      },
      {
        "date": "2025-01-29",
        "value": 0.0012376761588759543
      },
      {
        "date": "2024-10-31",
        "value": 0.0011757923509321565
      },
      {
        "date": "2024-08-02",
        "value": 0.0011170027333855487
      },
      {
        "date": "2024-05-04",
        "value": 0.0010611525967162711
      },
      {
        "date": "2024-02-04",
        "value": 0.0010080949668804574
      },
      {
        "date": "2023-11-06",
        "value": 0.0009576902185364346
      }
    ],
    "earnings_dates": [
      "2025-07-28",
      "2025-04-29",
      "2025-01-29",
      "2024-10-31",
      "2024-08-02",
      "2024-05-04",
      "2024-02-04",
      "2023-11-06"
    ]
  },
  "analysis": {
    "avg_revenue_growth": 3.6229037772542063,
    "avg_earnings_surprise": 1.0842855472333561,
    "consistency_score": 85,
    "trend_direction": "stable"
  }
}