{
  "ticker": "AON",
  "quarters": [
    {
      "date": "2025-07-28",
      "quarter": "Q3 2025",
      "revenue": 58295842.43788684,
      "earnings": 2611337.3848027745,
      "eps_actual": 0.0018407062762283435,
      "eps_estimate": 0.0018239120422904554,
      "surprise_percent": 0.920780912044309,
      "price_on_date": 1.1246781791727363,
      "revenue_growth": 0.7408722778538097,
      "earnings_growth": 0.5929321998361659
    },
    {
      "date": "2025-04-29",
      "quarter": "Q2 2025",
      "revenue": 55381050.3159925,
      "earnings": 2480770.515562636,
      "eps_actual": 0.0017486709624169262,
      "eps_estimate": 0.0017281564337169497,
      "surprise_percent": 1.1870759093176237,
      "price_on_date": 1.1513218620983543,
      "revenue_growth": 0.6045477289647364,
      "earnings_growth": 0.7930791978198677
    },
    {
      "date": "2025-01-29",
      "quarter": "Q1 2025",
      "revenue": 52611997.80019287,
      "earnings": 2356731.989784504,
      "eps_actual": 0.0016612374142960797,
      "eps_estimate": 0.0016202932871350066,
      "surprise_percent": 2.5269577727789208,
      "price_on_date": 0.9899919405254011,
      "revenue_growth": 0.5962771460690547,
      "earnings_growth": 0.8061081248109135
    },
    {
      "date": "2024-10-31",
      "quarter": "Q4 2024",
      "revenue": 49981397.91018322,
      "earnings": 2238895.3902952783,
      "eps_actual": 0.0015781755435812755,
      "eps_estimate": 0.0015025684839204412,
      "surprise_percent": 5.03185448583105,
      "price_on_date": 1.081180772362112,
      "revenue_growth": 0.685682900275449,
      "earnings_growth": 0.5887414693200017
    },
    {
      "date": "2024-08-02",
      "quarter": "Q3 2024",
      "revenue": 47482328.01467406,
      "earnings": 2126950.6207805146,
      "eps_actual": 0.0014992667664022118,
      "eps_estimate": 0.001526961453418467,
      "surprise_percent": -1.8137122554242553,
      "price_on_date": 0.892444438783011,
      "revenue_growth": 0.511617373401849,
      "earnings_growth": 0.7001878269744634
    },
    {
      "date": "2024-05-04",
      "quarter": "Q2 2024",
      "revenue": 45108211.61394035,
      "earnings": 2020603.0897414885,
      "eps_actual": 0.001424303428082101,
      "eps_estimate": 0.0014510093932883679,
      "surprise_percent": -1.8405094639493753,
      "price_on_date": 1.0246853161249607,
      "revenue_growth": 0.7353857867811558,
      "earnings_growth": 0.6409125041892741
    },
    {
      "date": "2024-02-04",
      "quarter": "Q1 2024",
      "revenue": 42852801.033243336,
      "earnings": 1919572.935254414,
      "eps_actual": 0.001353088256677996,
      "eps_estimate": 0.0013040808956565272,
      "surprise_percent": 3.7580000738218393,
      "price_on_date": 0.9393762113081114,
      "revenue_growth": 0.6237175960750723,
      "earnings_growth": 0.5279066239423308
    },
    {
      "date": "2023-11-06",
      "quarter": "Q4 2023",
      "revenue": 40710160.98158117,
      "earnings": 1823594.2884916933,
      "eps_actual": 0.0012854338438440963,
      "eps_estimate": 0.001237330427154968,
      "surprise_percent": 3.887677505816601,
      "price_on_date": 0.8873741689347854,
      "revenue_growth": 0.6009272037309767,
      "earnings_growth": 0.6212171165336133
    }
  ],
  "metrics": {
    "revenue_trend": [
      {
        "date": "2025-07-28",
        "value": 58295842.43788684
      },
      {
        "date": "2025-04-29",
        "value": 55381050.3159925
      },
      {
        "date": "2025-01-29",
        "value": 52611997.80019287
      },
      {
        "date": "2024-10-31",
        "value": 49981397.91018322
      },
      {
        "date": "2024-08-02",
        "value": 47482328.01467406
      },
      {
        "date": "2024-05-04",
        "value": 45108211.61394035
      },
      {
        "date": "2024-02-04",
        "value": 42852801.033243336
      },
      {
        "date": "2023-11-06",
        "value": 40710160.98158117
      }
    ],
    "eps_trend": [
      {
        "date": "2025-07-28",
        "value": 0.0018407062762283435
      },
      {
        "date": "2025-04-29",
        "value": 0.0017486709624169262
      },
      {
        "date": "2025-01-29",
        "value": 0.0016612374142960797
      },
      {
        "date": "2024-10-31",
        "value": 0.0015781755435812755
      },
      {
        "date": "2024-08-02",
        "value": 0.0014992667664022118
      },
      {
        "date": "2024-05-04",
        "value": 0.001424303428082101
      },
      {
        "date": "2024-02-04",
        "value": 0.001353088256677996
      },
      {
        "date": "2023-11-06",
        "value": 0.0012854338438440963
      }
    ],
    "earnings_dates": [
      "2025-07-28",
      "2025-04-29",
      "2025-01-29",
      "2024-10-31",
      "2024-08-02",
      "2024-05-04",
      "2024-02-04",
      "2023-11-06"
    ]
  },
  "analysis": {
    "avg_revenue_growth": 0.6568450132907624,
    "avg_earnings_surprise": 2.416667269992976,
    "consistency_score": 81,
    "trend_direction": "stable"
  }
}