{
  "ticker": "AOS",
  "quarters": [
    {
      "date": "2025-07-28",
      "quarter": "Q3 2025",
      "revenue": 83277991.06593977,
      "earnings": 9591330.655479625,
      "eps_actual": 0.0022118413034015495,
      "eps_estimate": 0.0021511949179806233,
      "surprise_percent": 2.819195272079593,
      "price_on_date": 0.1417895809646379,
      "revenue_growth": 39.453909600652466,
      "earnings_growth": 30.271029341578952
    },
    {
      "date": "2025-04-29",
      "quarter": "Q2 2025",
      "revenue": 79114091.51264277,
      "earnings": 9111764.122705642,
      "eps_actual": 0.002101249238231472,
      "eps_estimate": 0.002087045553430842,
      "surprise_percent": 0.6805641964680985,
      "price_on_date": 0.15527848420282364,
      "revenue_growth": 32.24749137730329,
      "earnings_growth": 30.597570006744974
    },
    {
      "date": "2025-01-29",
      "quarter": "Q1 2025",
      "revenue": 75158386.93701065,
      "earnings": 8656175.916570362,
      "eps_actual": 0.0019961867763198986,
      "eps_estimate": 0.0019129956550669829,
      "surprise_percent": 4.34873550457713,
      "price_on_date": 0.14270041018141724,
      "revenue_growth": 38.32062501366397,
      "earnings_growth": 26.694952605145282
    },
    {
      "date": "2024-10-31",
      "quarter": "Q4 2024",
      "revenue": 71400467.5901601,
      "earnings": 8223367.120741842,
      "eps_actual": 0.0018963774375039032,
      "eps_estimate": 0.0019085282833373822,
      "surprise_percent": -0.6366605063997925,
      "price_on_date": 0.1370967071449982,
      "revenue_growth": 32.64571196375873,
      "earnings_growth": 36.40048450559286
    },
    {
      "date": "2024-08-02",
      "quarter": "Q3 2024",
      "revenue": 67830444.2106521,
      "earnings": 7812198.764704751,
      "eps_actual": 0.0018015585656287083,
      "eps_estimate": 0.0017513096089978386,
      "surprise_percent": 2.869221773962854,
      "price_on_date": 0.13298282298119388,
      "revenue_growth": 39.60606297724448,
      "earnings_growth": 46.900320944832394
    },
    {
      "date": "2024-05-04",
      "quarter": "Q2 2024",
      "revenue": 64438922.00011948,
      "earnings": 7421588.826469512,
      "eps_actual": 0.0017114806373472724,
      "eps_estimate": 0.0016888582702024744,
      "surprise_percent": 1.339506549716918,
      "price_on_date": 0.1284604946384421,
      "revenue_growth": 29.44272153715046,
      "earnings_growth": 28.12433166717941
    },
    {
      "date": "2024-02-04",
      "quarter": "Q1 2024",
      "revenue": 61216975.90011351,
      "earnings": 7050509.385146037,
      "eps_actual": 0.001625906605479909,
      "eps_estimate": 0.0015927016604160588,
      "surprise_percent": 2.0848188891305623,
      "price_on_date": 0.11041769649911007,
      "revenue_growth": 40.255508924075336,
      "earnings_growth": 31.0805204857183
    },
    {
      "date": "2023-11-06",
      "quarter": "Q4 2023",
      "revenue": 58156127.10510782,
      "earnings": 6697983.915888733,
      "eps_actual": 0.0015446112752059132,
      "eps_estimate": 0.0015016464831063006,
      "surprise_percent": 2.861178884842177,
      "price_on_date": 0.09860808136480051,
      "revenue_growth": 33.690204652977556,
      "earnings_growth": 30.54800844843499
    }
  ],
  "metrics": {
    "revenue_trend": [
      {
        "date": "2025-07-28",
        "value": 83277991.06593977
      },
      {
        "date": "2025-04-29",
        "value": 79114091.51264277
      },
      {
        "date": "2025-01-29",
        "value": 75158386.93701065
      },
      {
        "date": "2024-10-31",
        "value": 71400467.5901601
      },
      {
        "date": "2024-08-02",
        "value": 67830444.2106521
      },
      {
        "date": "2024-05-04",
        "value": 64438922.00011948
      },
      {
        "date": "2024-02-04",
        "value": 61216975.90011351
      },
      {
        "date": "2023-11-06",
        "value": 58156127.10510782
      }
    ],
    "eps_trend": [
      {
        "date": "2025-07-28",
        "value": 0.0022118413034015495
      },
      {
        "date": "2025-04-29",
        "value": 0.002101249238231472
      },
      {
        "date": "2025-01-29",
        "value": 0.0019961867763198986
      },
      {
        "date": "2024-10-31",
        "value": 0.0018963774375039032
      },
      {
        "date": "2024-08-02",
        "value": 0.0018015585656287083
      },
      {
        "date": "2024-05-04",
        "value": 0.0017114806373472724
      },
      {
        "date": "2024-02-04",
        "value": 0.001625906605479909
      },
      {
        "date": "2023-11-06",
        "value": 0.0015446112752059132
      }
    ],
    "earnings_dates": [
      "2025-07-28",
      "2025-04-29",
      "2025-01-29",
      "2024-10-31",
      "2024-08-02",
      "2024-05-04",
      "2024-02-04",
      "2023-11-06"
    ]
  },
  "analysis": {
    "avg_revenue_growth": 35.66693448884462,
    "avg_earnings_surprise": 1.8029586166812575,
    "consistency_score": 60,
    "trend_direction": "growing"
  }
}