{
  "ticker": "APA",
  "quarters": [
    {
      "date": "2025-07-28",
      "quarter": "Q3 2025",
      "revenue": 108151711.47219357,
      "earnings": 17025246.484130524,
      "eps_actual": 0.025028873262413945,
      "eps_estimate": 0.024231235931277368,
      "surprise_percent": 3.2917732029796998,
      "price_on_date": 1.962049797987068,
      "revenue_growth": 35.866660728248036,
      "earnings_growth": 33.1084633396681
    },
    {
      "date": "2025-04-29",
      "quarter": "Q2 2025",
      "revenue": 102744125.89858389,
      "earnings": 16173984.159923997,
      "eps_actual": 0.023777429599293246,
      "eps_estimate": 0.02258949443763558,
      "surprise_percent": 5.258794812505807,
      "price_on_date": 1.96201507847806,
      "revenue_growth": 44.95082572417201,
      "earnings_growth": 43.819755770201205
    },
    {
      "date": "2025-01-29",
      "quarter": "Q1 2025",
      "revenue": 97606919.6036547,
      "earnings": 15365284.951927798,
      "eps_actual": 0.022588558119328583,
      "eps_estimate": 0.022767585189137723,
      "surprise_percent": -0.7863243656360714,
      "price_on_date": 1.7125874156598986,
      "revenue_growth": 42.323168077138746,
      "earnings_growth": 57.50400815785445
    },
    {
      "date": "2024-10-31",
      "quarter": "Q4 2024",
      "revenue": 92726573.62347195,
      "earnings": 14597020.704331405,
      "eps_actual": 0.02145913021336215,
      "eps_estimate": 0.020885587132114185,
      "surprise_percent": 2.7461190227497707,
      "price_on_date": 1.5907558930218983,
      "revenue_growth": 41.3067286977853,
      "earnings_growth": 56.357006911076255
    },
    {
      "date": "2024-08-02",
      "quarter": "Q3 2024",
      "revenue": 88090244.94229835,
      "earnings": 13867169.669114836,
      "eps_actual": 0.020386173702694042,
      "eps_estimate": 0.020656407470608762,
      "surprise_percent": -1.3082321710550358,
      "price_on_date": 1.5984466274288882,
      "revenue_growth": 50.422129480545976,
      "earnings_growth": 48.61194230694946
    },
    {
      "date": "2024-05-04",
      "quarter": "Q2 2024",
      "revenue": 83685732.69518343,
      "earnings": 13173811.185659092,
      "eps_actual": 0.01936686501755934,
      "eps_estimate": 0.01854485575261907,
      "surprise_percent": 4.432546016564071,
      "price_on_date": 1.5240997777018401,
      "revenue_growth": 44.684430326595226,
      "earnings_growth": 33.35893810931531
    },
    {
      "date": "2024-02-04",
      "quarter": "Q1 2024",
      "revenue": 79501446.06042425,
      "earnings": 12515120.626376137,
      "eps_actual": 0.018398521766681372,
      "eps_estimate": 0.017585593634891827,
      "surprise_percent": 4.622693715477442,
      "price_on_date": 1.3018550629610957,
      "revenue_growth": 52.30464986902306,
      "earnings_growth": 41.89696319811542
    },
    {
      "date": "2023-11-06",
      "quarter": "Q4 2023",
      "revenue": 75526373.75740303,
      "earnings": 11889364.59505733,
      "eps_actual": 0.0174785956783473,
      "eps_estimate": 0.016811604706456595,
      "surprise_percent": 3.967443819533446,
      "price_on_date": 1.3924916982306184,
      "revenue_growth": 45.635367232607955,
      "earnings_growth": 39.72896542064906
    }
  ],
  "metrics": {
    "revenue_trend": [
      {
        "date": "2025-07-28",
        "value": 108151711.47219357
      },
      {
        "date": "2025-04-29",
        "value": 102744125.89858389
      },
      {
        "date": "2025-01-29",
        "value": 97606919.6036547
      },
      {
        "date": "2024-10-31",
        "value": 92726573.62347195
      },
      {
        "date": "2024-08-02",
        "value": 88090244.94229835
      },
      {
        "date": "2024-05-04",
        "value": 83685732.69518343
      },
      {
        "date": "2024-02-04",
        "value": 79501446.06042425
      },
      {
        "date": "2023-11-06",
        "value": 75526373.75740303
      }
    ],
    "eps_trend": [
      {
        "date": "2025-07-28",
        "value": 0.025028873262413945
      },
      {
        "date": "2025-04-29",
        "value": 0.023777429599293246
      },
      {
        "date": "2025-01-29",
        "value": 0.022588558119328583
      },
      {
        "date": "2024-10-31",
        "value": 0.02145913021336215
      },
      {
        "date": "2024-08-02",
        "value": 0.020386173702694042
      },
      {
        "date": "2024-05-04",
        "value": 0.01936686501755934
      },
      {
        "date": "2024-02-04",
        "value": 0.018398521766681372
      },
      {
        "date": "2023-11-06",
        "value": 0.0174785956783473
      }
    ],
    "earnings_dates": [
      "2025-07-28",
      "2025-04-29",
      "2025-01-29",
      "2024-10-31",
      "2024-08-02",
      "2024-05-04",
      "2024-02-04",
      "2023-11-06"
    ]
  },
  "analysis": {
    "avg_revenue_growth": 41.11184580683602,
    "avg_earnings_surprise": 2.6275906681498014,
    "consistency_score": 78,
    "trend_direction": "growing"
  }
}