{
  "ticker": "APD",
  "quarters": [
    {
      "date": "2025-07-28",
      "quarter": "Q3 2025",
      "revenue": 34144026.88430381,
      "earnings": 3676642.982863154,
      "eps_actual": 0.0007739797872593416,
      "eps_estimate": 0.0007625333647682731,
      "surprise_percent": 1.5011044788246066,
      "price_on_date": 0.2571481639286497,
      "revenue_growth": 55.6254282102635,
      "earnings_growth": 47.15069200063743
    },
    {
      "date": "2025-04-29",
      "quarter": "Q2 2025",
      "revenue": 32436825.540088616,
      "earnings": 3492810.833719996,
      "eps_actual": 0.0007352807978963745,
      "eps_estimate": 0.0007266802988125296,
      "surprise_percent": 1.1835327169181526,
      "price_on_date": 0.2475291321825743,
      "revenue_growth": 45.308446417564866,
      "earnings_growth": 51.19736011850367
    },
    {
      "date": "2025-01-29",
      "quarter": "Q1 2025",
      "revenue": 30814984.263084184,
      "earnings": 3318170.292033996,
      "eps_actual": 0.0006985167580015557,
      "eps_estimate": 0.0007038021060754511,
      "surprise_percent": -0.7509707669628337,
      "price_on_date": 0.22405163967419686,
      "revenue_growth": 53.97078825123539,
      "earnings_growth": 60.52875266755869
    },
    {
      "date": "2024-10-31",
      "quarter": "Q4 2024",
      "revenue": 29274235.049929973,
      "earnings": 3152261.777432296,
      "eps_actual": 0.0006635909201014779,
      "eps_estimate": 0.0006468810674028885,
      "surprise_percent": 2.58314140583469,
      "price_on_date": 0.20382718691938076,
      "revenue_growth": 55.13607365899111,
      "earnings_growth": 47.70231246012843
    },
    {
      "date": "2024-08-02",
      "quarter": "Q3 2024",
      "revenue": 27810523.297433473,
      "earnings": 2994648.688560681,
      "eps_actual": 0.0006304113740964039,
      "eps_estimate": 0.0006062758687211148,
      "surprise_percent": 3.9809444215882865,
      "price_on_date": 0.19769908048612986,
      "revenue_growth": 40.552199608224065,
      "earnings_growth": 40.28111316798813
    },
    {
      "date": "2024-05-04",
      "quarter": "Q2 2024",
      "revenue": 26419997.132561795,
      "earnings": 2844916.2541326466,
      "eps_actual": 0.0005988908053915836,
      "eps_estimate": 0.0006028728823596882,
      "surprise_percent": -0.660516849342836,
      "price_on_date": 0.19134873809474814,
      "revenue_growth": 44.54489593613978,
      "earnings_growth": 52.00034169001965
    },
    {
      "date": "2024-02-04",
      "quarter": "Q1 2024",
      "revenue": 25098997.27593371,
      "earnings": 2702670.4414260145,
      "eps_actual": 0.0005689462651220045,
      "eps_estimate": 0.0005691325077220557,
      "surprise_percent": -0.03272394346205834,
      "price_on_date": 0.1639456084973122,
      "revenue_growth": 41.059743710936694,
      "earnings_growth": 37.40608363080781
    },
    {
      "date": "2023-11-06",
      "quarter": "Q4 2023",
      "revenue": 23844047.41213702,
      "earnings": 2567536.9193547135,
      "eps_actual": 0.0005404989518659043,
      "eps_estimate": 0.0005441726002158837,
      "surprise_percent": -0.6750888134613958,
      "price_on_date": 0.16609259294992254,
      "revenue_growth": 41.88415817568769,
      "earnings_growth": 47.33306832650041
    }
  ],
  "metrics": {
    "revenue_trend": [
      {
        "date": "2025-07-28",
        "value": 34144026.88430381
      },
      {
        "date": "2025-04-29",
        "value": 32436825.540088616
      },
      {
        "date": "2025-01-29",
        "value": 30814984.263084184
      },
      {
        "date": "2024-10-31",
        "value": 29274235.049929973
      },
      {
        "date": "2024-08-02",
        "value": 27810523.297433473
      },
      {
        "date": "2024-05-04",
        "value": 26419997.132561795
      },
      {
        "date": "2024-02-04",
        "value": 25098997.27593371
      },
      {
        "date": "2023-11-06",
        "value": 23844047.41213702
      }
    ],
    "eps_trend": [
      {
        "date": "2025-07-28",
        "value": 0.0007739797872593416
      },
      {
        "date": "2025-04-29",
        "value": 0.0007352807978963745
      },
      {
        "date": "2025-01-29",
        "value": 0.0006985167580015557
      },
      {
        "date": "2024-10-31",
        "value": 0.0006635909201014779
      },
      {
        "date": "2024-08-02",
        "value": 0.0006304113740964039
      },
      {
        "date": "2024-05-04",
        "value": 0.0005988908053915836
      },
      {
        "date": "2024-02-04",
        "value": 0.0005689462651220045
      },
      {
        "date": "2023-11-06",
        "value": 0.0005404989518659043
      }
    ],
    "earnings_dates": [
      "2025-07-28",
      "2025-04-29",
      "2025-01-29",
      "2024-10-31",
      "2024-08-02",
      "2024-05-04",
      "2024-02-04",
      "2023-11-06"
    ]
  },
  "analysis": {
    "avg_revenue_growth": 52.51018413451372,
    "avg_earnings_surprise": 1.129201958653654,
    "consistency_score": 75,
    "trend_direction": "growing"
  }
}