{
  "ticker": "APH",
  "quarters": [
    {
      "date": "2025-07-28",
      "quarter": "Q3 2025",
      "revenue": 79978791.94902197,
      "earnings": 2809569.4269224387,
      "eps_actual": 0.0014948952822770767,
      "eps_estimate": 0.0015176648478973705,
      "surprise_percent": -1.5003026295192667,
      "price_on_date": 0.7660987774165452,
      "revenue_growth": -16.07919650565918,
      "earnings_growth": -14.98925561214871
    },
    {
      "date": "2025-04-29",
      "quarter": "Q2 2025",
      "revenue": 75979852.35157086,
      "earnings": 2669090.9555763165,
      "eps_actual": 0.0014201505181632226,
      "eps_estimate": 0.0014438813442417932,
      "surprise_percent": -1.6435440608197656,
      "price_on_date": 0.6903099793022701,
      "revenue_growth": -17.849875681695185,
      "earnings_growth": -14.98165255848147
    },
    {
      "date": "2025-01-29",
      "quarter": "Q1 2025",
      "revenue": 72180859.73399232,
      "earnings": 2535636.407797501,
      "eps_actual": 0.0013491429922550618,
      "eps_estimate": 0.001283734986869889,
      "surprise_percent": 5.095133034011653,
      "price_on_date": 0.7286879415028474,
      "revenue_growth": -18.552136616771662,
      "earnings_growth": -13.876400646253098
    },
    {
      "date": "2024-10-31",
      "quarter": "Q4 2024",
      "revenue": 68571816.7472927,
      "earnings": 2408854.5874076257,
      "eps_actual": 0.0012816858426423086,
      "eps_estimate": 0.0012884939334094144,
      "surprise_percent": -0.5283758495541526,
      "price_on_date": 0.5936928922858816,
      "revenue_growth": -14.201036936665654,
      "earnings_growth": -17.30417351089156
    },
    {
      "date": "2024-08-02",
      "quarter": "Q3 2024",
      "revenue": 65143225.90992806,
      "earnings": 2288411.8580372445,
      "eps_actual": 0.0012176015505101932,
      "eps_estimate": 0.001229756391417181,
      "surprise_percent": -0.9883942048864235,
      "price_on_date": 0.61469896909108,
      "revenue_growth": -15.366983820887107,
      "earnings_growth": -13.245368993191631
    },
    {
      "date": "2024-05-04",
      "quarter": "Q2 2024",
      "revenue": 61886064.61443165,
      "earnings": 2173991.265135382,
      "eps_actual": 0.0011567214729846832,
      "eps_estimate": 0.0011228390432032,
      "surprise_percent": 3.017567832770092,
      "price_on_date": 0.5756274039659626,
      "revenue_growth": -17.18661516024299,
      "earnings_growth": -22.22256078665497
    },
    {
      "date": "2024-02-04",
      "quarter": "Q1 2024",
      "revenue": 58791761.38371007,
      "earnings": 2065291.7018786129,
      "eps_actual": 0.0010988853993354492,
      "eps_estimate": 0.0010990123967180353,
      "surprise_percent": -0.011555591453318359,
      "price_on_date": 0.5125852083277062,
      "revenue_growth": -18.31638769213738,
      "earnings_growth": -20.028744784967525
    },
    {
      "date": "2023-11-06",
      "quarter": "Q4 2023",
      "revenue": 55852173.31452456,
      "earnings": 1962027.116784682,
      "eps_actual": 0.0010439411293686766,
      "eps_estimate": 0.001017716065554417,
      "surprise_percent": 2.5768546554262235,
      "price_on_date": 0.5032801332650205,
      "revenue_growth": -18.91439578203732,
      "earnings_growth": -21.101005489659833
    }
  ],
  "metrics": {
    "revenue_trend": [
      {
        "date": "2025-07-28",
        "value": 79978791.94902197
      },
      {
        "date": "2025-04-29",
        "value": 75979852.35157086
      },
      {
        "date": "2025-01-29",
        "value": 72180859.73399232
      },
      {
        "date": "2024-10-31",
        "value": 68571816.7472927
      },
      {
        "date": "2024-08-02",
        "value": 65143225.90992806
      },
      {
        "date": "2024-05-04",
        "value": 61886064.61443165
      },
      {
        "date": "2024-02-04",
        "value": 58791761.38371007
      },
      {
        "date": "2023-11-06",
        "value": 55852173.31452456
      }
    ],
    "eps_trend": [
      {
        "date": "2025-07-28",
        "value": 0.0014948952822770767
      },
      {
        "date": "2025-04-29",
        "value": 0.0014201505181632226
      },
      {
        "date": "2025-01-29",
        "value": 0.0013491429922550618
      },
      {
        "date": "2024-10-31",
        "value": 0.0012816858426423086
      },
      {
        "date": "2024-08-02",
        "value": 0.0012176015505101932
      },
      {
        "date": "2024-05-04",
        "value": 0.0011567214729846832
      },
      {
        "date": "2024-02-04",
        "value": 0.0010988853993354492
      },
      {
        "date": "2023-11-06",
        "value": 0.0010439411293686766
      }
    ],
    "earnings_dates": [
      "2025-07-28",
      "2025-04-29",
      "2025-01-29",
      "2024-10-31",
      "2024-08-02",
      "2024-05-04",
      "2024-02-04",
      "2023-11-06"
    ]
  },
  "analysis": {
    "avg_revenue_growth": -16.67056143519792,
    "avg_earnings_surprise": 0.355727623529617,
    "consistency_score": 65,
    "trend_direction": "declining"
  }
}