{
  "ticker": "APO",
  "quarters": [
    {
      "date": "2025-07-28",
      "quarter": "Q3 2025",
      "revenue": 117613198.33592741,
      "earnings": 2798123.1745679523,
      "eps_actual": 0.0007116618798914702,
      "eps_estimate": 0.0006826756087667129,
      "surprise_percent": 4.245980192132889,
      "price_on_date": 0.2930806642659101,
      "revenue_growth": 35.53441375068592,
      "earnings_growth": 47.275954411297896
    },
    {
      "date": "2025-04-29",
      "quarter": "Q2 2025",
      "revenue": 111732538.41913104,
      "earnings": 2658217.015839555,
      "eps_actual": 0.0006760787858968967,
      "eps_estimate": 0.0006793903292343118,
      "surprise_percent": -0.48742868347085033,
      "price_on_date": 0.3064228034704888,
      "revenue_growth": 42.128421891961594,
      "earnings_growth": 48.93935659703869
    },
    {
      "date": "2025-01-29",
      "quarter": "Q1 2025",
      "revenue": 106145911.49817449,
      "earnings": 2525306.165047577,
      "eps_actual": 0.0006422748466020519,
      "eps_estimate": 0.0006529469680045702,
      "surprise_percent": -1.634454546152918,
      "price_on_date": 0.2711110962326948,
      "revenue_growth": 42.3713775622526,
      "earnings_growth": 36.72907444989394
    },
    {
      "date": "2024-10-31",
      "quarter": "Q4 2024",
      "revenue": 100838615.92326576,
      "earnings": 2399040.856795198,
      "eps_actual": 0.0006101611042719492,
      "eps_estimate": 0.0006083859340527429,
      "surprise_percent": 0.29178357352560413,
      "price_on_date": 0.24831988923167042,
      "revenue_growth": 47.36226040454589,
      "earnings_growth": 40.18517978757497
    },
    {
      "date": "2024-08-02",
      "quarter": "Q3 2024",
      "revenue": 95796685.12710246,
      "earnings": 2279088.813955438,
      "eps_actual": 0.0005796530490583516,
      "eps_estimate": 0.0005513044613586611,
      "surprise_percent": 5.1420929244481215,
      "price_on_date": 0.24318897045344465,
      "revenue_growth": 43.35984474109344,
      "earnings_growth": 34.403277289893566
    },
    {
      "date": "2024-05-04",
      "quarter": "Q2 2024",
      "revenue": 91006850.87074733,
      "earnings": 2165134.373257666,
      "eps_actual": 0.0005506703966054341,
      "eps_estimate": 0.0005351985508651418,
      "surprise_percent": 2.8908609179307923,
      "price_on_date": 0.2163043518446583,
      "revenue_growth": 41.99266182708062,
      "earnings_growth": 30.80002564341484
    },
    {
      "date": "2024-02-04",
      "quarter": "Q1 2024",
      "revenue": 86456508.32720996,
      "earnings": 2056877.6545947825,
      "eps_actual": 0.0005231368767751623,
      "eps_estimate": 0.0005120177019671692,
      "surprise_percent": 2.171638747112323,
      "price_on_date": 0.21373641987118,
      "revenue_growth": 39.101157032466375,
      "earnings_growth": 39.184386994919265
    },
    {
      "date": "2023-11-06",
      "quarter": "Q4 2023",
      "revenue": 82133682.91084945,
      "earnings": 1954033.771865043,
      "eps_actual": 0.0004969800329364042,
      "eps_estimate": 0.0004842452133414683,
      "surprise_percent": 2.629828699195807,
      "price_on_date": 0.20935085310131749,
      "revenue_growth": 32.23161602485271,
      "earnings_growth": 48.551743248931274
    }
  ],
  "metrics": {
    "revenue_trend": [
      {
        "date": "2025-07-28",
        "value": 117613198.33592741
      },
      {
        "date": "2025-04-29",
        "value": 111732538.41913104
      },
      {
        "date": "2025-01-29",
        "value": 106145911.49817449
      },
      {
        "date": "2024-10-31",
        "value": 100838615.92326576
      },
      {
        "date": "2024-08-02",
        "value": 95796685.12710246
      },
      {
        "date": "2024-05-04",
        "value": 91006850.87074733
      },
      {
        "date": "2024-02-04",
        "value": 86456508.32720996
      },
      {
        "date": "2023-11-06",
        "value": 82133682.91084945
      }
    ],
    "eps_trend": [
      {
        "date": "2025-07-28",
        "value": 0.0007116618798914702
      },
      {
        "date": "2025-04-29",
        "value": 0.0006760787858968967
      },
      {
        "date": "2025-01-29",
        "value": 0.0006422748466020519
      },
      {
        "date": "2024-10-31",
        "value": 0.0006101611042719492
      },
      {
        "date": "2024-08-02",
        "value": 0.0005796530490583516
      },
      {
        "date": "2024-05-04",
        "value": 0.0005506703966054341
      },
      {
        "date": "2024-02-04",
        "value": 0.0005231368767751623
      },
      {
        "date": "2023-11-06",
        "value": 0.0004969800329364042
      }
    ],
    "earnings_dates": [
      "2025-07-28",
      "2025-04-29",
      "2025-01-29",
      "2024-10-31",
      "2024-08-02",
      "2024-05-04",
      "2024-02-04",
      "2023-11-06"
    ]
  },
  "analysis": {
    "avg_revenue_growth": 41.8491184023615,
    "avg_earnings_surprise": 0.603970134008681,
    "consistency_score": 73,
    "trend_direction": "growing"
  }
}