{
  "ticker": "APTV",
  "quarters": [
    {
      "date": "2025-07-28",
      "quarter": "Q3 2025",
      "revenue": 83856305.90287915,
      "earnings": 2882538.8556270404,
      "eps_actual": 0.0011409413117247434,
      "eps_estimate": 0.0010942011122781429,
      "surprise_percent": 4.27162784995591,
      "price_on_date": 0.574549671408592,
      "revenue_growth": 4.098638210622134,
      "earnings_growth": 3.660730749864463
    },
    {
      "date": "2025-04-29",
      "quarter": "Q2 2025",
      "revenue": 79663490.60773519,
      "earnings": 2738411.9128456884,
      "eps_actual": 0.0010838942461385062,
      "eps_estimate": 0.0010757158620449704,
      "surprise_percent": 0.760273635640961,
      "price_on_date": 0.5622999394420513,
      "revenue_growth": 3.0412882167618074,
      "earnings_growth": 2.782514262359139
    },
    {
      "date": "2025-01-29",
      "quarter": "Q1 2025",
      "revenue": 75680316.07734843,
      "earnings": 2601491.317203404,
      "eps_actual": 0.001029699533831581,
      "eps_estimate": 0.000994286049052548,
      "surprise_percent": 3.5616998561709945,
      "price_on_date": 0.572059015016863,
      "revenue_growth": 3.323404374367597,
      "earnings_growth": 3.237943653324351
    },
    {
      "date": "2024-10-31",
      "quarter": "Q4 2024",
      "revenue": 71896300.273481,
      "earnings": 2471416.7513432335,
      "eps_actual": 0.0009782145571400017,
      "eps_estimate": 0.0009635671091163599,
      "surprise_percent": 1.5201274394965916,
      "price_on_date": 0.48684309821624644,
      "revenue_growth": 3.2882146579267757,
      "earnings_growth": 4.394500720283987
    },
    {
      "date": "2024-08-02",
      "quarter": "Q3 2024",
      "revenue": 68301485.25980695,
      "earnings": 2347845.9137760717,
      "eps_actual": 0.0009293038292830017,
      "eps_estimate": 0.0009120035651417987,
      "surprise_percent": 1.8969513719513948,
      "price_on_date": 0.5148158182636551,
      "revenue_growth": 4.010872970171906,
      "earnings_growth": 2.726502111940022
    },
    {
      "date": "2024-05-04",
      "quarter": "Q2 2024",
      "revenue": 64886410.99681659,
      "earnings": 2230453.618087268,
      "eps_actual": 0.0008828386378188515,
      "eps_estimate": 0.0008780404885607088,
      "surprise_percent": 0.5464610482835341,
      "price_on_date": 0.45308983356405,
      "revenue_growth": 3.455793006324149,
      "earnings_growth": 3.1138248531679413
    },
    {
      "date": "2024-02-04",
      "quarter": "Q1 2024",
      "revenue": 61642090.44697577,
      "earnings": 2118930.9371829047,
      "eps_actual": 0.000838696705927909,
      "eps_estimate": 0.0008277356528229662,
      "surprise_percent": 1.3242214549488736,
      "price_on_date": 0.4385157629604372,
      "revenue_growth": 3.1643886946171307,
      "earnings_growth": 3.6564998240396127
    },
    {
      "date": "2023-11-06",
      "quarter": "Q4 2023",
      "revenue": 58559985.92462697,
      "earnings": 2012984.390323759,
      "eps_actual": 0.0007967618706315134,
      "eps_estimate": 0.0008118709813503075,
      "surprise_percent": -1.8610236190071148,
      "price_on_date": 0.4366928265269194,
      "revenue_growth": 4.216640682018064,
      "earnings_growth": 3.2830566102361156
    }
  ],
  "metrics": {
    "revenue_trend": [
      {
        "date": "2025-07-28",
        "value": 83856305.90287915
      },
      {
        "date": "2025-04-29",
        "value": 79663490.60773519
      },
      {
        "date": "2025-01-29",
        "value": 75680316.07734843
      },
      {
        "date": "2024-10-31",
        "value": 71896300.273481
      },
      {
        "date": "2024-08-02",
        "value": 68301485.25980695
      },
      {
        "date": "2024-05-04",
        "value": 64886410.99681659
      },
      {
        "date": "2024-02-04",
        "value": 61642090.44697577
      },
      {
        "date": "2023-11-06",
        "value": 58559985.92462697
      }
    ],
    "eps_trend": [
      {
        "date": "2025-07-28",
        "value": 0.0011409413117247434
      },
      {
        "date": "2025-04-29",
        "value": 0.0010838942461385062
      },
      {
        "date": "2025-01-29",
        "value": 0.001029699533831581
      },
      {
        "date": "2024-10-31",
        "value": 0.0009782145571400017
      },
      {
        "date": "2024-08-02",
        "value": 0.0009293038292830017
      },
      {
        "date": "2024-05-04",
        "value": 0.0008828386378188515
      },
      {
        "date": "2024-02-04",
        "value": 0.000838696705927909
      },
      {
        "date": "2023-11-06",
        "value": 0.0007967618706315134
      }
    ],
    "earnings_dates": [
      "2025-07-28",
      "2025-04-29",
      "2025-01-29",
      "2024-10-31",
      "2024-08-02",
      "2024-05-04",
      "2024-02-04",
      "2023-11-06"
    ]
  },
  "analysis": {
    "avg_revenue_growth": 3.4378863649195788,
    "avg_earnings_surprise": 2.528432195316114,
    "consistency_score": 64,
    "trend_direction": "stable"
  }
}