{
  "ticker": "ARE",
  "quarters": [
    {
      "date": "2025-07-28",
      "quarter": "Q3 2025",
      "revenue": 1706780428.7978275,
      "earnings": 204136739.92428797,
      "eps_actual": 0.0628611739166755,
      "eps_estimate": 0.06054235435046948,
      "surprise_percent": 3.8300782833498195,
      "price_on_date": 15.950001357792189,
      "revenue_growth": -14.092213859213544,
      "earnings_growth": -12.834201632748874
    },
    {
      "date": "2025-04-29",
      "quarter": "Q2 2025",
      "revenue": 1621441407.3579361,
      "earnings": 193929902.92807359,
      "eps_actual": 0.059718115220841736,
      "eps_estimate": 0.058860525157830294,
      "surprise_percent": 1.4569867678072446,
      "price_on_date": 15.61726587610786,
      "revenue_growth": -13.927364044684953,
      "earnings_growth": -14.790178163860002
    },
    {
      "date": "2025-01-29",
      "quarter": "Q1 2025",
      "revenue": 1540369336.9900393,
      "earnings": 184233407.78166988,
      "eps_actual": 0.05673220945979964,
      "eps_estimate": 0.05724832591004892,
      "surprise_percent": -0.90153981281518,
      "price_on_date": 12.832054283308034,
      "revenue_growth": -14.677437938249213,
      "earnings_growth": -17.165672484793188
    },
    {
      "date": "2024-10-31",
      "quarter": "Q4 2024",
      "revenue": 1463350870.1405373,
      "earnings": 175021737.39258638,
      "eps_actual": 0.05389559898680966,
      "eps_estimate": 0.052606171704125286,
      "surprise_percent": 2.4510950729061642,
      "price_on_date": 13.658263372372987,
      "revenue_growth": -16.696105357702617,
      "earnings_growth": -11.899845769780834
    },
    {
      "date": "2024-08-02",
      "quarter": "Q3 2024",
      "revenue": 1390183326.6335104,
      "earnings": 166270650.52295706,
      "eps_actual": 0.051200819037469175,
      "eps_estimate": 0.05102343103333649,
      "surprise_percent": 0.3476598898588184,
      "price_on_date": 13.074169855706186,
      "revenue_growth": -14.881781522969142,
      "earnings_growth": -14.588036888641268
    },
    {
      "date": "2024-05-04",
      "quarter": "Q2 2024",
      "revenue": 1320674160.3018346,
      "earnings": 157957117.99680918,
      "eps_actual": 0.04864077808559571,
      "eps_estimate": 0.04780334275996772,
      "surprise_percent": 1.7518342385237682,
      "price_on_date": 12.59704205969213,
      "revenue_growth": -14.876779676955547,
      "earnings_growth": -12.967678758058172
    },
    {
      "date": "2024-02-04",
      "quarter": "Q1 2024",
      "revenue": 1254640452.286743,
      "earnings": 150059262.09696874,
      "eps_actual": 0.046208739181315926,
      "eps_estimate": 0.046392506288455336,
      "surprise_percent": -0.39611377319603835,
      "price_on_date": 10.2127651910006,
      "revenue_growth": -14.831497069650478,
      "earnings_growth": -16.680137339125586
    },
    {
      "date": "2023-11-06",
      "quarter": "Q4 2023",
      "revenue": 1191908429.6724055,
      "earnings": 142556298.99212027,
      "eps_actual": 0.04389830222225012,
      "eps_estimate": 0.04386975036970163,
      "surprise_percent": 0.06508323459303511,
      "price_on_date": 11.135411502309918,
      "revenue_growth": -16.32365685590728,
      "earnings_growth": -14.81246388209671
    }
  ],
  "metrics": {
    "revenue_trend": [
      {
        "date": "2025-07-28",
        "value": 1706780428.7978275
      },
      {
        "date": "2025-04-29",
        "value": 1621441407.3579361
      },
      {
        "date": "2025-01-29",
        "value": 1540369336.9900393
      },
      {
        "date": "2024-10-31",
        "value": 1463350870.1405373
      },
      {
        "date": "2024-08-02",
        "value": 1390183326.6335104
      },
      {
        "date": "2024-05-04",
        "value": 1320674160.3018346
      },
      {
        "date": "2024-02-04",
        "value": 1254640452.286743
      },
      {
        "date": "2023-11-06",
        "value": 1191908429.6724055
      }
    ],
    "eps_trend": [
      {
        "date": "2025-07-28",
        "value": 0.0628611739166755
      },
      {
        "date": "2025-04-29",
        "value": 0.059718115220841736
      },
      {
        "date": "2025-01-29",
        "value": 0.05673220945979964
      },
      {
        "date": "2024-10-31",
        "value": 0.05389559898680966
      },
      {
        "date": "2024-08-02",
        "value": 0.051200819037469175
      },
      {
        "date": "2024-05-04",
        "value": 0.04864077808559571
      },
      {
        "date": "2024-02-04",
        "value": 0.046208739181315926
      },
      {
        "date": "2023-11-06",
        "value": 0.04389830222225012
      }
    ],
    "earnings_dates": [
      "2025-07-28",
      "2025-04-29",
      "2025-01-29",
      "2024-10-31",
      "2024-08-02",
      "2024-05-04",
      "2024-02-04",
      "2023-11-06"
    ]
  },
  "analysis": {
    "avg_revenue_growth": -14.848280299962582,
    "avg_earnings_surprise": 1.7091550778120121,
    "consistency_score": 82,
    "trend_direction": "declining"
  }
}