{
  "ticker": "ATO",
  "quarters": [
    {
      "date": "2025-07-28",
      "quarter": "Q3 2025",
      "revenue": 28352606.979104698,
      "earnings": 4000761.8430050784,
      "eps_actual": 0.0008224857790252868,
      "eps_estimate": 0.000835017737405204,
      "surprise_percent": -1.5008014582851756,
      "price_on_date": 0.18602000612924738,
      "revenue_growth": 3.2177710524011403,
      "earnings_growth": 3.2549811529345565
    },
    {
      "date": "2025-04-29",
      "quarter": "Q2 2025",
      "revenue": 26934976.63014946,
      "earnings": 3800723.750854824,
      "eps_actual": 0.0007813614900740224,
      "eps_estimate": 0.0007693951306666161,
      "surprise_percent": 1.5552944034151255,
      "price_on_date": 0.18922932436798925,
      "revenue_growth": 3.2943038429518943,
      "earnings_growth": 2.18834474232699
    },
    {
      "date": "2025-01-29",
      "quarter": "Q1 2025",
      "revenue": 25588227.798641987,
      "earnings": 3610687.563312083,
      "eps_actual": 0.0007422934155703213,
      "eps_estimate": 0.0007456563482229174,
      "surprise_percent": -0.4510030204410954,
      "price_on_date": 0.18349305077416653,
      "revenue_growth": 3.3296631132389085,
      "earnings_growth": 2.7800856727864818
    },
    {
      "date": "2024-10-31",
      "quarter": "Q4 2024",
      "revenue": 24308816.408709887,
      "earnings": 3430153.185146479,
      "eps_actual": 0.0007051787447918053,
      "eps_estimate": 0.0007078729855426224,
      "surprise_percent": -0.3806107601001068,
      "price_on_date": 0.1825189778428407,
      "revenue_growth": 3.2459513923405705,
      "earnings_growth": 3.0162004885081646
    },
    {
      "date": "2024-08-02",
      "quarter": "Q3 2024",
      "revenue": 23093375.588274393,
      "earnings": 3258645.525889155,
      "eps_actual": 0.000669919807552215,
      "eps_estimate": 0.0006625127988469852,
      "surprise_percent": 1.118017450850877,
      "price_on_date": 0.17360575370456707,
      "revenue_growth": 2.8647301393118187,
      "earnings_growth": 3.037116309168275
    },
    {
      "date": "2024-05-04",
      "quarter": "Q2 2024",
      "revenue": 21938706.80886067,
      "earnings": 3095713.249594697,
      "eps_actual": 0.0006364238171746041,
      "eps_estimate": 0.0006258359513236456,
      "surprise_percent": 1.6917957219564017,
      "price_on_date": 0.15638696154796258,
      "revenue_growth": 2.4803516196740216,
      "earnings_growth": 2.4403430122763132
    },
    {
      "date": "2024-02-04",
      "quarter": "Q1 2024",
      "revenue": 20841771.468417637,
      "earnings": 2940927.587114962,
      "eps_actual": 0.0006046026263158739,
      "eps_estimate": 0.000596576700847912,
      "surprise_percent": 1.3453300232065306,
      "price_on_date": 0.16209265782060367,
      "revenue_growth": 2.6402099572577518,
      "earnings_growth": 3.00801012001644
    },
    {
      "date": "2023-11-06",
      "quarter": "Q4 2023",
      "revenue": 19799682.89499675,
      "earnings": 2793881.207759213,
      "eps_actual": 0.0005743724950000801,
      "eps_estimate": 0.0005517012263950015,
      "surprise_percent": 4.109338083806722,
      "price_on_date": 0.13122426677742915,
      "revenue_growth": 2.4535874677798164,
      "earnings_growth": 2.2613321468060286
    }
  ],
  "metrics": {
    "revenue_trend": [
      {
        "date": "2025-07-28",
        "value": 28352606.979104698
      },
      {
        "date": "2025-04-29",
        "value": 26934976.63014946
      },
      {
        "date": "2025-01-29",
        "value": 25588227.798641987
      },
      {
        "date": "2024-10-31",
        "value": 24308816.408709887
      },
      {
        "date": "2024-08-02",
        "value": 23093375.588274393
      },
      {
        "date": "2024-05-04",
        "value": 21938706.80886067
      },
      {
        "date": "2024-02-04",
        "value": 20841771.468417637
      },
      {
        "date": "2023-11-06",
        "value": 19799682.89499675
      }
    ],
    "eps_trend": [
      {
        "date": "2025-07-28",
        "value": 0.0008224857790252868
      },
      {
        "date": "2025-04-29",
        "value": 0.0007813614900740224
      },
      {
        "date": "2025-01-29",
        "value": 0.0007422934155703213
      },
      {
        "date": "2024-10-31",
        "value": 0.0007051787447918053
      },
      {
        "date": "2024-08-02",
        "value": 0.000669919807552215
      },
      {
        "date": "2024-05-04",
        "value": 0.0006364238171746041
      },
      {
        "date": "2024-02-04",
        "value": 0.0006046026263158739
      },
      {
        "date": "2023-11-06",
        "value": 0.0005743724950000801
      }
    ],
    "earnings_dates": [
      "2025-07-28",
      "2025-04-29",
      "2025-01-29",
      "2024-10-31",
      "2024-08-02",
      "2024-05-04",
      "2024-02-04",
      "2023-11-06"
    ]
  },
  "analysis": {
    "avg_revenue_growth": 3.2719223502331283,
    "avg_earnings_surprise": -0.1942802088528131,
    "consistency_score": 72,
    "trend_direction": "stable"
  }
}