{
  "ticker": "AVB",
  "quarters": [
    {
      "date": "2025-07-28",
      "quarter": "Q3 2025",
      "revenue": 120910818.32064998,
      "earnings": 1690964.7814613208,
      "eps_actual": 0.003373933901862368,
      "eps_estimate": 0.0032184207047236445,
      "surprise_percent": 4.8319723058728306,
      "price_on_date": 2.162484664577387,
      "revenue_growth": 1.1363561255651433,
      "earnings_growth": 0.855830394363272
    },
    {
      "date": "2025-04-29",
      "quarter": "Q2 2025",
      "revenue": 114865277.40461747,
      "earnings": 1606416.5423882548,
      "eps_actual": 0.00320523720676925,
      "eps_estimate": 0.003063009025469414,
      "surprise_percent": 4.643413718901428,
      "price_on_date": 1.8555460858954251,
      "revenue_growth": 0.887115675885914,
      "earnings_growth": 1.2826472114138054
    },
    {
      "date": "2025-01-29",
      "quarter": "Q1 2025",
      "revenue": 109122013.5343866,
      "earnings": 1526095.715268842,
      "eps_actual": 0.0030449753464307874,
      "eps_estimate": 0.0030775218485319385,
      "surprise_percent": -1.0575555171664057,
      "price_on_date": 1.727109575927629,
      "revenue_growth": 0.9558789081002058,
      "earnings_growth": 0.8404626371107043
    },
    {
      "date": "2024-10-31",
      "quarter": "Q4 2024",
      "revenue": 103665912.85766727,
      "earnings": 1449790.9295054,
      "eps_actual": 0.002892726579109248,
      "eps_estimate": 0.0028747611698114166,
      "surprise_percent": 0.6249357159297453,
      "price_on_date": 1.7254330766092298,
      "revenue_growth": 1.171350193241379,
      "earnings_growth": 1.0900121711062978
    },
    {
      "date": "2024-08-02",
      "quarter": "Q3 2024",
      "revenue": 98482617.21478389,
      "earnings": 1377301.3830301296,
      "eps_actual": 0.0027480902501537847,
      "eps_estimate": 0.002697447845563136,
      "surprise_percent": 1.8774192306979107,
      "price_on_date": 1.5410468687962198,
      "revenue_growth": 0.8880099895122499,
      "earnings_growth": 1.0644876670979648
    },
    {
      "date": "2024-05-04",
      "quarter": "Q2 2024",
      "revenue": 93558486.35404469,
      "earnings": 1308436.313878623,
      "eps_actual": 0.0026106857376460954,
      "eps_estimate": 0.0025421509448882605,
      "surprise_percent": 2.695937190340496,
      "price_on_date": 1.537728124807602,
      "revenue_growth": 0.9613508480471261,
      "earnings_growth": 0.7255420588953144
    },
    {
      "date": "2024-02-04",
      "quarter": "Q1 2024",
      "revenue": 88880562.03634246,
      "earnings": 1243014.4981846919,
      "eps_actual": 0.0024801514507637908,
      "eps_estimate": 0.0023596281116846506,
      "surprise_percent": 5.107726021838791,
      "price_on_date": 1.4322159482555439,
      "revenue_growth": 0.9451975078019622,
      "earnings_growth": 1.1350435912642274
    },
    {
      "date": "2023-11-06",
      "quarter": "Q4 2023",
      "revenue": 84436533.93452533,
      "earnings": 1180863.7732754573,
      "eps_actual": 0.0023561438782256014,
      "eps_estimate": 0.0023455861963988735,
      "surprise_percent": 0.4501084565954932,
      "price_on_date": 1.5096297293787684,
      "revenue_growth": 1.0678575530670922,
      "earnings_growth": 1.046320741470889
    }
  ],
  "metrics": {
    "revenue_trend": [
      {
        "date": "2025-07-28",
        "value": 120910818.32064998
      },
      {
        "date": "2025-04-29",
        "value": 114865277.40461747
      },
      {
        "date": "2025-01-29",
        "value": 109122013.5343866
      },
      {
        "date": "2024-10-31",
        "value": 103665912.85766727
      },
      {
        "date": "2024-08-02",
        "value": 98482617.21478389
      },
      {
        "date": "2024-05-04",
        "value": 93558486.35404469
      },
      {
        "date": "2024-02-04",
        "value": 88880562.03634246
      },
      {
        "date": "2023-11-06",
        "value": 84436533.93452533
      }
    ],
    "eps_trend": [
      {
        "date": "2025-07-28",
        "value": 0.003373933901862368
      },
      {
        "date": "2025-04-29",
        "value": 0.00320523720676925
      },
      {
        "date": "2025-01-29",
        "value": 0.0030449753464307874
      },
      {
        "date": "2024-10-31",
        "value": 0.002892726579109248
      },
      {
        "date": "2024-08-02",
        "value": 0.0027480902501537847
      },
      {
        "date": "2024-05-04",
        "value": 0.0026106857376460954
      },
      {
        "date": "2024-02-04",
        "value": 0.0024801514507637908
      },
      {
        "date": "2023-11-06",
        "value": 0.0023561438782256014
      }
    ],
    "earnings_dates": [
      "2025-07-28",
      "2025-04-29",
      "2025-01-29",
      "2024-10-31",
      "2024-08-02",
      "2024-05-04",
      "2024-02-04",
      "2023-11-06"
    ]
  },
  "analysis": {
    "avg_revenue_growth": 1.0376752256981605,
    "avg_earnings_surprise": 2.2606915558843994,
    "consistency_score": 67,
    "trend_direction": "stable"
  }
}