{
  "ticker": "AVGO",
  "quarters": [
    {
      "date": "2025-07-28",
      "quarter": "Q3 2025",
      "revenue": 36705500207.42651,
      "earnings": 3217150396.1713104,
      "eps_actual": 0.9940879739812588,
      "eps_estimate": 0.9609520826409862,
      "surprise_percent": 3.4482355508513174,
      "price_on_date": 657.1585980077546,
      "revenue_growth": -11.332705791522747,
      "earnings_growth": -12.41907208357067
    },
    {
      "date": "2025-04-29",
      "quarter": "Q2 2025",
      "revenue": 34870225197.05518,
      "earnings": 3056292876.362745,
      "eps_actual": 0.9443835752821959,
      "eps_estimate": 0.9304219017464408,
      "surprise_percent": 1.5005744715970695,
      "price_on_date": 655.2429006066585,
      "revenue_growth": -11.475304827262697,
      "earnings_growth": -8.98851690297318
    },
    {
      "date": "2025-01-29",
      "quarter": "Q1 2025",
      "revenue": 33126713937.202427,
      "earnings": 2903478232.5446076,
      "eps_actual": 0.8971643965180861,
      "eps_estimate": 0.9031313467102924,
      "surprise_percent": -0.6606957242643868,
      "price_on_date": 687.8993724272651,
      "revenue_growth": -9.906973806568002,
      "earnings_growth": -7.612666383677354
    },
    {
      "date": "2024-10-31",
      "quarter": "Q4 2024",
      "revenue": 31470378240.342304,
      "earnings": 2758304320.917377,
      "eps_actual": 0.8523061766921818,
      "eps_estimate": 0.8185441222816442,
      "surprise_percent": 4.124646856717733,
      "price_on_date": 641.8346071569553,
      "revenue_growth": -9.9718488486593,
      "earnings_growth": -8.726646691422172
    },
    {
      "date": "2024-08-02",
      "quarter": "Q3 2024",
      "revenue": 29896859328.325188,
      "earnings": 2620389104.871508,
      "eps_actual": 0.8096908678575726,
      "eps_estimate": 0.7802814729478678,
      "surprise_percent": 3.7690751260051703,
      "price_on_date": 560.4679561257032,
      "revenue_growth": -11.681109395216415,
      "earnings_growth": -10.723090246889242
    },
    {
      "date": "2024-05-04",
      "quarter": "Q2 2024",
      "revenue": 28402016361.908924,
      "earnings": 2489369649.6279325,
      "eps_actual": 0.769206324464694,
      "eps_estimate": 0.7502162368013788,
      "surprise_percent": 2.5312818800458428,
      "price_on_date": 519.0156854454565,
      "revenue_growth": -11.404247399718447,
      "earnings_growth": -10.252918451251636
    },
    {
      "date": "2024-02-04",
      "quarter": "Q1 2024",
      "revenue": 26981915543.813477,
      "earnings": 2364901167.146536,
      "eps_actual": 0.7307460082414592,
      "eps_estimate": 0.7356291635170518,
      "surprise_percent": -0.6638066457624047,
      "price_on_date": 510.31117461020995,
      "revenue_growth": -9.455836618664511,
      "earnings_growth": -8.370613997664575
    },
    {
      "date": "2023-11-06",
      "quarter": "Q4 2023",
      "revenue": 25632819766.622803,
      "earnings": 2246656108.789209,
      "eps_actual": 0.6942087078293863,
      "eps_estimate": 0.6977793521128539,
      "surprise_percent": -0.5117153829008915,
      "price_on_date": 528.9019394761592,
      "revenue_growth": -9.522448938790319,
      "earnings_growth": -8.357340868294221
    }
  ],
  "metrics": {
    "revenue_trend": [
      {
        "date": "2025-07-28",
        "value": 36705500207.42651
      },
      {
        "date": "2025-04-29",
        "value": 34870225197.05518
      },
      {
        "date": "2025-01-29",
        "value": 33126713937.202427
      },
      {
        "date": "2024-10-31",
        "value": 31470378240.342304
      },
      {
        "date": "2024-08-02",
        "value": 29896859328.325188
      },
      {
        "date": "2024-05-04",
        "value": 28402016361.908924
      },
      {
        "date": "2024-02-04",
        "value": 26981915543.813477
      },
      {
        "date": "2023-11-06",
        "value": 25632819766.622803
      }
    ],
    "eps_trend": [
      {
        "date": "2025-07-28",
        "value": 0.9940879739812588
      },
      {
        "date": "2025-04-29",
        "value": 0.9443835752821959
      },
      {
        "date": "2025-01-29",
        "value": 0.8971643965180861
      },
      {
        "date": "2024-10-31",
        "value": 0.8523061766921818
      },
      {
        "date": "2024-08-02",
        "value": 0.8096908678575726
      },
      {
        "date": "2024-05-04",
        "value": 0.769206324464694
      },
      {
        "date": "2024-02-04",
        "value": 0.7307460082414592
      },
      {
        "date": "2023-11-06",
        "value": 0.6942087078293863
      }
    ],
    "earnings_dates": [
      "2025-07-28",
      "2025-04-29",
      "2025-01-29",
      "2024-10-31",
      "2024-08-02",
      "2024-05-04",
      "2024-02-04",
      "2023-11-06"
    ]
  },
  "analysis": {
    "avg_revenue_growth": -10.671708318503187,
    "avg_earnings_surprise": 2.1031902887254335,
    "consistency_score": 85,
    "trend_direction": "declining"
  }
}