{
  "ticker": "AVY",
  "quarters": [
    {
      "date": "2025-07-28",
      "quarter": "Q3 2025",
      "revenue": 118553417.80453299,
      "earnings": 19269352.218317036,
      "eps_actual": 0.006703275006339686,
      "eps_estimate": 0.006496435453332186,
      "surprise_percent": 3.18389299013825,
      "price_on_date": 0.720189851745943,
      "revenue_growth": -15.13177543245417,
      "earnings_growth": -17.302259104854617
    },
    {
      "date": "2025-04-29",
      "quarter": "Q2 2025",
      "revenue": 112625746.91430633,
      "earnings": 18305884.60740118,
      "eps_actual": 0.0063681112560227005,
      "eps_estimate": 0.006141691738204434,
      "surprise_percent": 3.6865985378234267,
      "price_on_date": 0.6315025673217366,
      "revenue_growth": -17.901764405531072,
      "earnings_growth": -14.378458386074314
    },
    {
      "date": "2025-01-29",
      "quarter": "Q1 2025",
      "revenue": 106994459.56859101,
      "earnings": 17390590.37703112,
      "eps_actual": 0.006049705693221565,
      "eps_estimate": 0.005823171901792899,
      "surprise_percent": 3.89021301876591,
      "price_on_date": 0.6761692233582522,
      "revenue_growth": -14.351605715196964,
      "earnings_growth": -15.115126949216553
    },
    {
      "date": "2024-10-31",
      "quarter": "Q4 2024",
      "revenue": 101644736.59016146,
      "earnings": 16521060.858179566,
      "eps_actual": 0.005747220408560487,
      "eps_estimate": 0.005691378864638337,
      "surprise_percent": 0.9811601942211953,
      "price_on_date": 0.5567427195269865,
      "revenue_growth": -14.423651099313604,
      "earnings_growth": -14.452784045367357
    },
    {
      "date": "2024-08-02",
      "quarter": "Q3 2024",
      "revenue": 96562499.76065338,
      "earnings": 15695007.815270586,
      "eps_actual": 0.005459859388132462,
      "eps_estimate": 0.005269281383009696,
      "surprise_percent": 3.6167741152952493,
      "price_on_date": 0.5277253050198064,
      "revenue_growth": -18.110019878767062,
      "earnings_growth": -20.027482874883706
    },
    {
      "date": "2024-05-04",
      "quarter": "Q2 2024",
      "revenue": 91734374.77262071,
      "earnings": 14910257.424507055,
      "eps_actual": 0.005186866418725839,
      "eps_estimate": 0.004973978307714999,
      "surprise_percent": 4.280036981275835,
      "price_on_date": 0.4922188499247547,
      "revenue_growth": -14.978689454530205,
      "earnings_growth": -14.441292126192897
    },
    {
      "date": "2024-02-04",
      "quarter": "Q1 2024",
      "revenue": 87147656.03398967,
      "earnings": 14164744.553281702,
      "eps_actual": 0.004927523097789546,
      "eps_estimate": 0.00480235697863894,
      "surprise_percent": 2.60634766860002,
      "price_on_date": 0.48160510669010836,
      "revenue_growth": -16.184993235925326,
      "earnings_growth": -17.64205188023926
    },
    {
      "date": "2023-11-06",
      "quarter": "Q4 2023",
      "revenue": 82790273.23229018,
      "earnings": 13456507.325617617,
      "eps_actual": 0.004681146942900069,
      "eps_estimate": 0.004705254726206951,
      "surprise_percent": -0.5123587289038403,
      "price_on_date": 0.5233827482973739,
      "revenue_growth": -19.26217446286445,
      "earnings_growth": -19.629428782396346
    }
  ],
  "metrics": {
    "revenue_trend": [
      {
        "date": "2025-07-28",
        "value": 118553417.80453299
      },
      {
        "date": "2025-04-29",
        "value": 112625746.91430633
      },
      {
        "date": "2025-01-29",
        "value": 106994459.56859101
      },
      {
        "date": "2024-10-31",
        "value": 101644736.59016146
      },
      {
        "date": "2024-08-02",
        "value": 96562499.76065338
      },
      {
        "date": "2024-05-04",
        "value": 91734374.77262071
      },
      {
        "date": "2024-02-04",
        "value": 87147656.03398967
      },
      {
        "date": "2023-11-06",
        "value": 82790273.23229018
      }
    ],
    "eps_trend": [
      {
        "date": "2025-07-28",
        "value": 0.006703275006339686
      },
      {
        "date": "2025-04-29",
        "value": 0.0063681112560227005
      },
      {
        "date": "2025-01-29",
        "value": 0.006049705693221565
      },
      {
        "date": "2024-10-31",
        "value": 0.005747220408560487
      },
      {
        "date": "2024-08-02",
        "value": 0.005459859388132462
      },
      {
        "date": "2024-05-04",
        "value": 0.005186866418725839
      },
      {
        "date": "2024-02-04",
        "value": 0.004927523097789546
      },
      {
        "date": "2023-11-06",
        "value": 0.004681146942900069
      }
    ],
    "earnings_dates": [
      "2025-07-28",
      "2025-04-29",
      "2025-01-29",
      "2024-10-31",
      "2024-08-02",
      "2024-05-04",
      "2024-02-04",
      "2023-11-06"
    ]
  },
  "analysis": {
    "avg_revenue_growth": -15.452199163123954,
    "avg_earnings_surprise": 2.9354661852371953,
    "consistency_score": 72,
    "trend_direction": "declining"
  }
}