{
  "ticker": "AWK",
  "quarters": [
    {
      "date": "2025-07-28",
      "quarter": "Q3 2025",
      "revenue": 95105521.34885336,
      "earnings": 7466392.402607777,
      "eps_actual": 0.002676077274122165,
      "eps_estimate": 0.0026702937493580043,
      "surprise_percent": 0.21658758574973572,
      "price_on_date": 0.739426785238579,
      "revenue_growth": 15.8265330844769,
      "earnings_growth": 18.89251207267016
    },
    {
      "date": "2025-04-29",
      "quarter": "Q2 2025",
      "revenue": 90350245.2814107,
      "earnings": 7093072.782477388,
      "eps_actual": 0.002542273410416057,
      "eps_estimate": 0.0024911518736367455,
      "surprise_percent": 2.0521244537644705,
      "price_on_date": 0.6798193049715832,
      "revenue_growth": 16.279160808928076,
      "earnings_growth": 22.78890839359779
    },
    {
      "date": "2025-01-29",
      "quarter": "Q1 2025",
      "revenue": 85832733.01734015,
      "earnings": 6738419.143353518,
      "eps_actual": 0.0024151597398952536,
      "eps_estimate": 0.0023596261652038646,
      "surprise_percent": 2.353490375310834,
      "price_on_date": 0.6222382612635451,
      "revenue_growth": 20.244668972267533,
      "earnings_growth": 15.305980900883581
    },
    {
      "date": "2024-10-31",
      "quarter": "Q4 2024",
      "revenue": 81541096.36647314,
      "earnings": 6401498.186185841,
      "eps_actual": 0.002294401752900491,
      "eps_estimate": 0.002256755549728974,
      "surprise_percent": 1.6681560028084457,
      "price_on_date": 0.5849646363209117,
      "revenue_growth": 15.023052696380578,
      "earnings_growth": 16.775842059352545
    },
    {
      "date": "2024-08-02",
      "quarter": "Q3 2024",
      "revenue": 77464041.54814948,
      "earnings": 6081423.276876549,
      "eps_actual": 0.0021796816652554663,
      "eps_estimate": 0.0020890238824806547,
      "surprise_percent": 4.339719786599957,
      "price_on_date": 0.576169177760278,
      "revenue_growth": 14.513587310765036,
      "earnings_growth": 22.487562166708983
    },
    {
      "date": "2024-05-04",
      "quarter": "Q2 2024",
      "revenue": 73590839.470742,
      "earnings": 5777352.113032722,
      "eps_actual": 0.002070697581992693,
      "eps_estimate": 0.0020272989502364267,
      "surprise_percent": 2.1407119927332405,
      "price_on_date": 0.5173683487546472,
      "revenue_growth": 19.068681091229287,
      "earnings_growth": 20.239893525207723
    },
    {
      "date": "2024-02-04",
      "quarter": "Q1 2024",
      "revenue": 69911297.4972049,
      "earnings": 5488484.507381085,
      "eps_actual": 0.001967162702893058,
      "eps_estimate": 0.001926766596167648,
      "surprise_percent": 2.096574998017839,
      "price_on_date": 0.5447923161307362,
      "revenue_growth": 18.29422052232985,
      "earnings_growth": 20.25539637929644
    },
    {
      "date": "2023-11-06",
      "quarter": "Q4 2023",
      "revenue": 66415732.62234465,
      "earnings": 5214060.2820120305,
      "eps_actual": 0.0018688045677484049,
      "eps_estimate": 0.0018428728639437106,
      "surprise_percent": 1.4071347140681738,
      "price_on_date": 0.5065355194791423,
      "revenue_growth": 19.31845280076973,
      "earnings_growth": 17.723736878354693
    }
  ],
  "metrics": {
    "revenue_trend": [
      {
        "date": "2025-07-28",
        "value": 95105521.34885336
      },
      {
        "date": "2025-04-29",
        "value": 90350245.2814107
      },
      {
        "date": "2025-01-29",
        "value": 85832733.01734015
      },
      {
        "date": "2024-10-31",
        "value": 81541096.36647314
      },
      {
        "date": "2024-08-02",
        "value": 77464041.54814948
      },
      {
        "date": "2024-05-04",
        "value": 73590839.470742
      },
      {
        "date": "2024-02-04",
        "value": 69911297.4972049
      },
      {
        "date": "2023-11-06",
        "value": 66415732.62234465
      }
    ],
    "eps_trend": [
      {
        "date": "2025-07-28",
        "value": 0.002676077274122165
      },
      {
        "date": "2025-04-29",
        "value": 0.002542273410416057
      },
      {
        "date": "2025-01-29",
        "value": 0.0024151597398952536
      },
      {
        "date": "2024-10-31",
        "value": 0.002294401752900491
      },
      {
        "date": "2024-08-02",
        "value": 0.0021796816652554663
      },
      {
        "date": "2024-05-04",
        "value": 0.002070697581992693
      },
      {
        "date": "2024-02-04",
        "value": 0.001967162702893058
      },
      {
        "date": "2023-11-06",
        "value": 0.0018688045677484049
      }
    ],
    "earnings_dates": [
      "2025-07-28",
      "2025-04-29",
      "2025-01-29",
      "2024-10-31",
      "2024-08-02",
      "2024-05-04",
      "2024-02-04",
      "2023-11-06"
    ]
  },
  "analysis": {
    "avg_revenue_growth": 16.84335389051327,
    "avg_earnings_surprise": 1.5725896044083714,
    "consistency_score": 67,
    "trend_direction": "growing"
  }
}