{
  "ticker": "AXON",
  "quarters": [
    {
      "date": "2025-07-28",
      "quarter": "Q3 2025",
      "revenue": 59212107.78265086,
      "earnings": 24692286.4590743,
      "eps_actual": 0.011757076448303424,
      "eps_estimate": 0.011839336542908844,
      "surprise_percent": -0.6948032460035882,
      "price_on_date": 0.8862229593969025,
      "revenue_growth": 10.36148374762128,
      "earnings_growth": 7.400259458595357
    },
    {
      "date": "2025-04-29",
      "quarter": "Q2 2025",
      "revenue": 56251502.393518314,
      "earnings": 23457672.136120584,
      "eps_actual": 0.011169222625888252,
      "eps_estimate": 0.010878531861928246,
      "surprise_percent": 2.6721506876984082,
      "price_on_date": 0.820450926750397,
      "revenue_growth": 10.340377984349638,
      "earnings_growth": 10.544306479025765
    },
    {
      "date": "2025-01-29",
      "quarter": "Q1 2025",
      "revenue": 53438927.273842394,
      "earnings": 22284788.52931455,
      "eps_actual": 0.010610761494593838,
      "eps_estimate": 0.010231339534376813,
      "surprise_percent": 3.708428978846666,
      "price_on_date": 0.754164826680945,
      "revenue_growth": 12.03190529072879,
      "earnings_growth": 12.29001767762175
    },
    {
      "date": "2024-10-31",
      "quarter": "Q4 2024",
      "revenue": 50766980.910150275,
      "earnings": 21170549.102848824,
      "eps_actual": 0.010080223419864146,
      "eps_estimate": 0.010280053244706785,
      "surprise_percent": -1.9438598233480127,
      "price_on_date": 0.8456753111120393,
      "revenue_growth": 11.545617644726098,
      "earnings_growth": 7.846004187239512
    },
    {
      "date": "2024-08-02",
      "quarter": "Q3 2024",
      "revenue": 48228631.86464276,
      "earnings": 20112021.647706382,
      "eps_actual": 0.009576212248870938,
      "eps_estimate": 0.009480629134217761,
      "surprise_percent": 1.0081937949475948,
      "price_on_date": 0.6657450942634915,
      "revenue_growth": 8.207183947233748,
      "earnings_growth": 7.794636182862812
    },
    {
      "date": "2024-05-04",
      "quarter": "Q2 2024",
      "revenue": 45817200.271410614,
      "earnings": 19106420.56532106,
      "eps_actual": 0.009097401636427391,
      "eps_estimate": 0.009277824715421285,
      "surprise_percent": -1.9446700549752858,
      "price_on_date": 0.6682749060064496,
      "revenue_growth": 8.233848267858576,
      "earnings_growth": 10.49480731441101
    },
    {
      "date": "2024-02-04",
      "quarter": "Q1 2024",
      "revenue": 43526340.25784008,
      "earnings": 18151099.537055008,
      "eps_actual": 0.008642531554606021,
      "eps_estimate": 0.008455102725854433,
      "surprise_percent": 2.2167540103144923,
      "price_on_date": 0.7203013804618253,
      "revenue_growth": 10.86830462667886,
      "earnings_growth": 10.982947915428305
    },
    {
      "date": "2023-11-06",
      "quarter": "Q4 2023",
      "revenue": 41350023.244948074,
      "earnings": 17243544.560202256,
      "eps_actual": 0.00821040497687572,
      "eps_estimate": 0.00796683645987634,
      "surprise_percent": 3.0572802419890643,
      "price_on_date": 0.6307631730044213,
      "revenue_growth": 10.496348645920206,
      "earnings_growth": 12.397140257924711
    }
  ],
  "metrics": {
    "revenue_trend": [
      {
        "date": "2025-07-28",
        "value": 59212107.78265086
      },
      {
        "date": "2025-04-29",
        "value": 56251502.393518314
      },
      {
        "date": "2025-01-29",
        "value": 53438927.273842394
      },
      {
        "date": "2024-10-31",
        "value": 50766980.910150275
      },
      {
        "date": "2024-08-02",
        "value": 48228631.86464276
      },
      {
        "date": "2024-05-04",
        "value": 45817200.271410614
      },
      {
        "date": "2024-02-04",
        "value": 43526340.25784008
      },
      {
        "date": "2023-11-06",
        "value": 41350023.244948074
      }
    ],
    "eps_trend": [
      {
        "date": "2025-07-28",
        "value": 0.011757076448303424
      },
      {
        "date": "2025-04-29",
        "value": 0.011169222625888252
      },
      {
        "date": "2025-01-29",
        "value": 0.010610761494593838
      },
      {
        "date": "2024-10-31",
        "value": 0.010080223419864146
      },
      {
        "date": "2024-08-02",
        "value": 0.009576212248870938
      },
      {
        "date": "2024-05-04",
        "value": 0.009097401636427391
      },
      {
        "date": "2024-02-04",
        "value": 0.008642531554606021
      },
      {
        "date": "2023-11-06",
        "value": 0.00821040497687572
      }
    ],
    "earnings_dates": [
      "2025-07-28",
      "2025-04-29",
      "2025-01-29",
      "2024-10-31",
      "2024-08-02",
      "2024-05-04",
      "2024-02-04",
      "2023-11-06"
    ]
  },
  "analysis": {
    "avg_revenue_growth": 11.069846166856452,
    "avg_earnings_surprise": 0.9354791492983683,
    "consistency_score": 87,
    "trend_direction": "growing"
  }
}