{
  "ticker": "AXP",
  "quarters": [
    {
      "date": "2025-07-28",
      "quarter": "Q3 2025",
      "revenue": 85616299260.99243,
      "earnings": 22617561438.171772,
      "eps_actual": 9.051101176442305,
      "eps_estimate": 8.872366506928044,
      "surprise_percent": 2.0145095378408366,
      "price_on_date": 964.7628501796161,
      "revenue_growth": 9.386139147966992,
      "earnings_growth": 8.77248111143682
    },
    {
      "date": "2025-04-29",
      "quarter": "Q2 2025",
      "revenue": 81335484297.94281,
      "earnings": 21486683366.263184,
      "eps_actual": 8.59854611762019,
      "eps_estimate": 8.666303790647543,
      "surprise_percent": -0.781852040549001,
      "price_on_date": 939.0237460682958,
      "revenue_growth": 11.087584341823414,
      "earnings_growth": 10.665693036471994
    },
    {
      "date": "2025-01-29",
      "quarter": "Q1 2025",
      "revenue": 77268710083.04567,
      "earnings": 20412349197.950024,
      "eps_actual": 8.16861881173918,
      "eps_estimate": 8.181604707974088,
      "surprise_percent": -0.15872065075757635,
      "price_on_date": 935.6778144619773,
      "revenue_growth": 11.042919878182623,
      "earnings_growth": 12.250565966999094
    },
    {
      "date": "2024-10-31",
      "quarter": "Q4 2024",
      "revenue": 73405274578.89337,
      "earnings": 19391731738.05252,
      "eps_actual": 7.76018787115222,
      "eps_estimate": 7.740342680551876,
      "surprise_percent": 0.25638646012670696,
      "price_on_date": 943.0854864284147,
      "revenue_growth": 10.80577509456535,
      "earnings_growth": 12.633087305782464
    },
    {
      "date": "2024-08-02",
      "quarter": "Q3 2024",
      "revenue": 69735010849.9487,
      "earnings": 18422145151.149895,
      "eps_actual": 7.372178477594609,
      "eps_estimate": 7.4638913603367625,
      "surprise_percent": -1.2287542558499325,
      "price_on_date": 911.3647956104934,
      "revenue_growth": 10.837947956386166,
      "earnings_growth": 9.861129705094655
    },
    {
      "date": "2024-05-04",
      "quarter": "Q2 2024",
      "revenue": 66248260307.45126,
      "earnings": 17501037893.5924,
      "eps_actual": 7.003569553714878,
      "eps_estimate": 6.905453777815005,
      "surprise_percent": 1.4208447273238949,
      "price_on_date": 730.79420296319,
      "revenue_growth": 9.059074029279543,
      "earnings_growth": 12.324749869078296
    },
    {
      "date": "2024-02-04",
      "quarter": "Q1 2024",
      "revenue": 62935847292.0787,
      "earnings": 16625985998.912777,
      "eps_actual": 6.653391076029133,
      "eps_estimate": 6.687492766108789,
      "surprise_percent": -0.5099323658707732,
      "price_on_date": 738.9900944417699,
      "revenue_growth": 10.46595327440362,
      "earnings_growth": 9.208771885367314
    },
    {
      "date": "2023-11-06",
      "quarter": "Q4 2023",
      "revenue": 59789054927.474754,
      "earnings": 15794686698.967136,
      "eps_actual": 6.320721522227676,
      "eps_estimate": 6.136900552281846,
      "surprise_percent": 2.9953389073166776,
      "price_on_date": 691.2053420782194,
      "revenue_growth": 8.973867718525756,
      "earnings_growth": 7.835916335784886
    }
  ],
  "metrics": {
    "revenue_trend": [
      {
        "date": "2025-07-28",
        "value": 85616299260.99243
      },
      {
        "date": "2025-04-29",
        "value": 81335484297.94281
      },
      {
        "date": "2025-01-29",
        "value": 77268710083.04567
      },
      {
        "date": "2024-10-31",
        "value": 73405274578.89337
      },
      {
        "date": "2024-08-02",
        "value": 69735010849.9487
      },
      {
        "date": "2024-05-04",
        "value": 66248260307.45126
      },
      {
        "date": "2024-02-04",
        "value": 62935847292.0787
      },
      {
        "date": "2023-11-06",
        "value": 59789054927.474754
      }
    ],
    "eps_trend": [
      {
        "date": "2025-07-28",
        "value": 9.051101176442305
      },
      {
        "date": "2025-04-29",
        "value": 8.59854611762019
      },
      {
        "date": "2025-01-29",
        "value": 8.16861881173918
      },
      {
        "date": "2024-10-31",
        "value": 7.76018787115222
      },
      {
        "date": "2024-08-02",
        "value": 7.372178477594609
      },
      {
        "date": "2024-05-04",
        "value": 7.003569553714878
      },
      {
        "date": "2024-02-04",
        "value": 6.653391076029133
      },
      {
        "date": "2023-11-06",
        "value": 6.320721522227676
      }
    ],
    "earnings_dates": [
      "2025-07-28",
      "2025-04-29",
      "2025-01-29",
      "2024-10-31",
      "2024-08-02",
      "2024-05-04",
      "2024-02-04",
      "2023-11-06"
    ]
  },
  "analysis": {
    "avg_revenue_growth": 10.580604615634595,
    "avg_earnings_surprise": 0.3325808266652416,
    "consistency_score": 93,
    "trend_direction": "growing"
  }
}