{
  "ticker": "AZO",
  "quarters": [
    {
      "date": "2025-07-28",
      "quarter": "Q3 2025",
      "revenue": 22018768.37925154,
      "earnings": 5772473.240354337,
      "eps_actual": 0.003144305899109382,
      "eps_estimate": 0.0031510280626234318,
      "surprise_percent": -0.21333239122133146,
      "price_on_date": 0.16707049352275619,
      "revenue_growth": 23.91429897047576,
      "earnings_growth": 22.722916975507975
    },
    {
      "date": "2025-04-29",
      "quarter": "Q2 2025",
      "revenue": 20917829.96028896,
      "earnings": 5483849.578336619,
      "eps_actual": 0.0029870906041539126,
      "eps_estimate": 0.002873203608059189,
      "surprise_percent": 3.963763506883973,
      "price_on_date": 0.14932825353262558,
      "revenue_growth": 22.064027081304264,
      "earnings_growth": 17.778601534367475
    },
    {
      "date": "2025-01-29",
      "quarter": "Q1 2025",
      "revenue": 19871938.462274514,
      "earnings": 5209657.099419788,
      "eps_actual": 0.002837736073946217,
      "eps_estimate": 0.002873836994815086,
      "surprise_percent": -1.2561923635196202,
      "price_on_date": 0.15162461019162393,
      "revenue_growth": 25.471698150319042,
      "earnings_growth": 31.614515375105714
    },
    {
      "date": "2024-10-31",
      "quarter": "Q4 2024",
      "revenue": 18878341.539160788,
      "earnings": 4949174.2444488,
      "eps_actual": 0.0026958492702489067,
      "eps_estimate": 0.0027381037134248587,
      "surprise_percent": -1.5432009740456274,
      "price_on_date": 0.14460800598544873,
      "revenue_growth": 25.633881274386628,
      "earnings_growth": 23.68674323581997
    },
    {
      "date": "2024-08-02",
      "quarter": "Q3 2024",
      "revenue": 17934424.462202746,
      "earnings": 4701715.532226359,
      "eps_actual": 0.0025610568067364605,
      "eps_estimate": 0.002592057623351545,
      "surprise_percent": -1.1959925711450863,
      "price_on_date": 0.1371307727357547,
      "revenue_growth": 26.861872415903157,
      "earnings_growth": 32.84628767646234
    },
    {
      "date": "2024-05-04",
      "quarter": "Q2 2024",
      "revenue": 17037703.239092607,
      "earnings": 4466629.75561504,
      "eps_actual": 0.0024330039663996374,
      "eps_estimate": 0.0024634650582728373,
      "surprise_percent": -1.2365140626170068,
      "price_on_date": 0.14096810878779753,
      "revenue_growth": 28.937448826577317,
      "earnings_growth": 24.772568961074832
    },
    {
      "date": "2024-02-04",
      "quarter": "Q1 2024",
      "revenue": 16185818.077137977,
      "earnings": 4243298.267834288,
      "eps_actual": 0.0023113537680796554,
      "eps_estimate": 0.002283912302679148,
      "surprise_percent": 1.2015113438601357,
      "price_on_date": 0.1331436174445115,
      "revenue_growth": 29.61664228918761,
      "earnings_growth": 30.65222082853504
    },
    {
      "date": "2023-11-06",
      "quarter": "Q4 2023",
      "revenue": 15376527.173281075,
      "earnings": 4031133.354442573,
      "eps_actual": 0.0021957860796756727,
      "eps_estimate": 0.0022249840071194103,
      "surprise_percent": -1.3122758343570695,
      "price_on_date": 0.11015727493891848,
      "revenue_growth": 25.658648665057907,
      "earnings_growth": 18.94069201412009
    }
  ],
  "metrics": {
    "revenue_trend": [
      {
        "date": "2025-07-28",
        "value": 22018768.37925154
      },
      {
        "date": "2025-04-29",
        "value": 20917829.96028896
      },
      {
        "date": "2025-01-29",
        "value": 19871938.462274514
      },
      {
        "date": "2024-10-31",
        "value": 18878341.539160788
      },
      {
        "date": "2024-08-02",
        "value": 17934424.462202746
      },
      {
        "date": "2024-05-04",
        "value": 17037703.239092607
      },
      {
        "date": "2024-02-04",
        "value": 16185818.077137977
      },
      {
        "date": "2023-11-06",
        "value": 15376527.173281075
      }
    ],
    "eps_trend": [
      {
        "date": "2025-07-28",
        "value": 0.003144305899109382
      },
      {
        "date": "2025-04-29",
        "value": 0.0029870906041539126
      },
      {
        "date": "2025-01-29",
        "value": 0.002837736073946217
      },
      {
        "date": "2024-10-31",
        "value": 0.0026958492702489067
      },
      {
        "date": "2024-08-02",
        "value": 0.0025610568067364605
      },
      {
        "date": "2024-05-04",
        "value": 0.0024330039663996374
      },
      {
        "date": "2024-02-04",
        "value": 0.0023113537680796554
      },
      {
        "date": "2023-11-06",
        "value": 0.0021957860796756727
      }
    ],
    "earnings_dates": [
      "2025-07-28",
      "2025-04-29",
      "2025-01-29",
      "2024-10-31",
      "2024-08-02",
      "2024-05-04",
      "2024-02-04",
      "2023-11-06"
    ]
  },
  "analysis": {
    "avg_revenue_growth": 24.27097636912142,
    "avg_earnings_surprise": 0.2377594445243485,
    "consistency_score": 61,
    "trend_direction": "growing"
  }
}