{
  "ticker": "BA",
  "quarters": [
    {
      "date": "2025-07-28",
      "quarter": "Q3 2025",
      "revenue": 525574548.6391001,
      "earnings": 114837730.87951884,
      "eps_actual": 0.039054514808563645,
      "eps_estimate": 0.03832943794031564,
      "surprise_percent": 1.8916971059608378,
      "price_on_date": 5.4749262303062824,
      "revenue_growth": 50.79847041812739,
      "earnings_growth": 41.20821868306235
    },
    {
      "date": "2025-04-29",
      "quarter": "Q2 2025",
      "revenue": 499295821.20714504,
      "earnings": 109095844.33554289,
      "eps_actual": 0.03710178906813546,
      "eps_estimate": 0.03732978897165022,
      "surprise_percent": -0.6107720129034618,
      "price_on_date": 5.109815559404632,
      "revenue_growth": 43.295206204893795,
      "earnings_growth": 35.15884569470926
    },
    {
      "date": "2025-01-29",
      "quarter": "Q1 2025",
      "revenue": 474331030.1467878,
      "earnings": 103641052.11876574,
      "eps_actual": 0.035246699614728684,
      "eps_estimate": 0.03510802878663678,
      "surprise_percent": 0.39498323569987365,
      "price_on_date": 4.559487810495039,
      "revenue_growth": 56.50826961917339,
      "earnings_growth": 57.53731408661103
    },
    {
      "date": "2024-10-31",
      "quarter": "Q4 2024",
      "revenue": 450614478.63944834,
      "earnings": 98458999.51282744,
      "eps_actual": 0.03348436463399225,
      "eps_estimate": 0.03331905946757929,
      "surprise_percent": 0.4961279491511624,
      "price_on_date": 4.932943860158742,
      "revenue_growth": 47.40690872842065,
      "earnings_growth": 50.69463261478463
    },
    {
      "date": "2024-08-02",
      "quarter": "Q3 2024",
      "revenue": 428083754.70747596,
      "earnings": 93536049.53718607,
      "eps_actual": 0.031810146402292634,
      "eps_estimate": 0.03153367058114228,
      "surprise_percent": 0.8767638402225587,
      "price_on_date": 4.730861777090489,
      "revenue_growth": 42.46161685204986,
      "earnings_growth": 42.65786426361959
    },
    {
      "date": "2024-05-04",
      "quarter": "Q2 2024",
      "revenue": 406679566.9721021,
      "earnings": 88859247.06032676,
      "eps_actual": 0.030219639082178,
      "eps_estimate": 0.028891059035436054,
      "surprise_percent": 4.598585483184917,
      "price_on_date": 4.1952697147769324,
      "revenue_growth": 40.96396665895419,
      "earnings_growth": 47.173488232519986
    },
    {
      "date": "2024-02-04",
      "quarter": "Q1 2024",
      "revenue": 386345588.623497,
      "earnings": 84416284.70731042,
      "eps_actual": 0.028708657128069102,
      "eps_estimate": 0.02748959068035674,
      "surprise_percent": 4.4346475067141355,
      "price_on_date": 4.018537888334576,
      "revenue_growth": 44.30731735567042,
      "earnings_growth": 54.323840060735236
    },
    {
      "date": "2023-11-06",
      "quarter": "Q4 2023",
      "revenue": 367028309.1923221,
      "earnings": 80195470.47194488,
      "eps_actual": 0.02727322427166564,
      "eps_estimate": 0.027436196736505113,
      "surprise_percent": -0.5940053076767414,
      "price_on_date": 3.9481357133174084,
      "revenue_growth": 53.301989269671154,
      "earnings_growth": 37.95220924697393
    }
  ],
  "metrics": {
    "revenue_trend": [
      {
        "date": "2025-07-28",
        "value": 525574548.6391001
      },
      {
        "date": "2025-04-29",
        "value": 499295821.20714504
      },
      {
        "date": "2025-01-29",
        "value": 474331030.1467878
      },
      {
        "date": "2024-10-31",
        "value": 450614478.63944834
      },
      {
        "date": "2024-08-02",
        "value": 428083754.70747596
      },
      {
        "date": "2024-05-04",
        "value": 406679566.9721021
      },
      {
        "date": "2024-02-04",
        "value": 386345588.623497
      },
      {
        "date": "2023-11-06",
        "value": 367028309.1923221
      }
    ],
    "eps_trend": [
      {
        "date": "2025-07-28",
        "value": 0.039054514808563645
      },
      {
        "date": "2025-04-29",
        "value": 0.03710178906813546
      },
      {
        "date": "2025-01-29",
        "value": 0.035246699614728684
      },
      {
        "date": "2024-10-31",
        "value": 0.03348436463399225
      },
      {
        "date": "2024-08-02",
        "value": 0.031810146402292634
      },
      {
        "date": "2024-05-04",
        "value": 0.030219639082178
      },
      {
        "date": "2024-02-04",
        "value": 0.028708657128069102
      },
      {
        "date": "2023-11-06",
        "value": 0.02727322427166564
      }
    ],
    "earnings_dates": [
      "2025-07-28",
      "2025-04-29",
      "2025-01-29",
      "2024-10-31",
      "2024-08-02",
      "2024-05-04",
      "2024-02-04",
      "2023-11-06"
    ]
  },
  "analysis": {
    "avg_revenue_growth": 49.50221374265381,
    "avg_earnings_surprise": 0.543009069477103,
    "consistency_score": 70,
    "trend_direction": "growing"
  }
}