{
  "ticker": "BAC",
  "quarters": [
    {
      "date": "2025-07-28",
      "quarter": "Q3 2025",
      "revenue": 112957581802.45813,
      "earnings": 5962761777.117938,
      "eps_actual": 1.4940049652987064,
      "eps_estimate": 1.4413105957169907,
      "surprise_percent": 3.6560037606261044,
      "price_on_date": 103.14097714225004,
      "revenue_growth": 56.665566427772866,
      "earnings_growth": 48.30191761555286
    },
    {
      "date": "2025-04-29",
      "quarter": "Q2 2025",
      "revenue": 107309702712.33522,
      "earnings": 5664623688.262041,
      "eps_actual": 1.4193047170337711,
      "eps_estimate": 1.4182661609192049,
      "surprise_percent": 0.0732271659004514,
      "price_on_date": 103.3926177736453,
      "revenue_growth": 56.07605374783349,
      "earnings_growth": 39.60040703469719
    },
    {
      "date": "2025-01-29",
      "quarter": "Q1 2025",
      "revenue": 101944217576.71846,
      "earnings": 5381392503.848939,
      "eps_actual": 1.3483394811820826,
      "eps_estimate": 1.3662366611724546,
      "surprise_percent": -1.309961919409576,
      "price_on_date": 97.08902276323488,
      "revenue_growth": 45.795160842605355,
      "earnings_growth": 37.037274948789246
    },
    {
      "date": "2024-10-31",
      "quarter": "Q4 2024",
      "revenue": 96847006697.88252,
      "earnings": 5112322878.656491,
      "eps_actual": 1.2809225071229782,
      "eps_estimate": 1.3057459637362425,
      "surprise_percent": -1.9010938806377675,
      "price_on_date": 91.10916331263437,
      "revenue_growth": 57.2406516750287,
      "earnings_growth": 61.881439804087634
    },
    {
      "date": "2024-08-02",
      "quarter": "Q3 2024",
      "revenue": 92004656362.9884,
      "earnings": 4856706734.723667,
      "eps_actual": 1.2168763817668293,
      "eps_estimate": 1.1611107336596167,
      "surprise_percent": 4.802784651852207,
      "price_on_date": 98.75663059951475,
      "revenue_growth": 56.024850703093094,
      "earnings_growth": 40.12383357400202
    },
    {
      "date": "2024-05-04",
      "quarter": "Q2 2024",
      "revenue": 87404423544.83896,
      "earnings": 4613871397.987482,
      "eps_actual": 1.1560325626784875,
      "eps_estimate": 1.1393456075865447,
      "surprise_percent": 1.4646087175681946,
      "price_on_date": 85.8192070561158,
      "revenue_growth": 57.1022231049295,
      "earnings_growth": 59.372693921724746
    },
    {
      "date": "2024-02-04",
      "quarter": "Q1 2024",
      "revenue": 83034202367.59702,
      "earnings": 4383177828.088108,
      "eps_actual": 1.098230934544563,
      "eps_estimate": 1.1028756422705543,
      "surprise_percent": -0.42114519062447575,
      "price_on_date": 87.15848581249662,
      "revenue_growth": 58.813508191333035,
      "earnings_growth": 49.01693190490117
    },
    {
      "date": "2023-11-06",
      "quarter": "Q4 2023",
      "revenue": 78882492249.21716,
      "earnings": 4164018936.683703,
      "eps_actual": 1.043319387817335,
      "eps_estimate": 1.027130533373456,
      "surprise_percent": 1.576124350106623,
      "price_on_date": 71.22659296686076,
      "revenue_growth": 59.07822501295824,
      "earnings_growth": 61.76586013477572
    }
  ],
  "metrics": {
    "revenue_trend": [
      {
        "date": "2025-07-28",
        "value": 112957581802.45813
      },
      {
        "date": "2025-04-29",
        "value": 107309702712.33522
      },
      {
        "date": "2025-01-29",
        "value": 101944217576.71846
      },
      {
        "date": "2024-10-31",
        "value": 96847006697.88252
      },
      {
        "date": "2024-08-02",
        "value": 92004656362.9884
      },
      {
        "date": "2024-05-04",
        "value": 87404423544.83896
      },
      {
        "date": "2024-02-04",
        "value": 83034202367.59702
      },
      {
        "date": "2023-11-06",
        "value": 78882492249.21716
      }
    ],
    "eps_trend": [
      {
        "date": "2025-07-28",
        "value": 1.4940049652987064
      },
      {
        "date": "2025-04-29",
        "value": 1.4193047170337711
      },
      {
        "date": "2025-01-29",
        "value": 1.3483394811820826
      },
      {
        "date": "2024-10-31",
        "value": 1.2809225071229782
      },
      {
        "date": "2024-08-02",
        "value": 1.2168763817668293
      },
      {
        "date": "2024-05-04",
        "value": 1.1560325626784875
      },
      {
        "date": "2024-02-04",
        "value": 1.098230934544563
      },
      {
        "date": "2023-11-06",
        "value": 1.043319387817335
      }
    ],
    "earnings_dates": [
      "2025-07-28",
      "2025-04-29",
      "2025-01-29",
      "2024-10-31",
      "2024-08-02",
      "2024-05-04",
      "2024-02-04",
      "2023-11-06"
    ]
  },
  "analysis": {
    "avg_revenue_growth": 53.94435817331011,
    "avg_earnings_surprise": 0.12954378161980307,
    "consistency_score": 71,
    "trend_direction": "growing"
  }
}