{
  "ticker": "BALL",
  "quarters": [
    {
      "date": "2025-07-28",
      "quarter": "Q3 2025",
      "revenue": 16902907.841301158,
      "earnings": 2031264.3748315258,
      "eps_actual": 0.0011165027451731388,
      "eps_estimate": 0.001125043443890429,
      "surprise_percent": -0.759143903612847,
      "price_on_date": 0.4614950504764301,
      "revenue_growth": 18.046366034636904,
      "earnings_growth": 16.284224516117675
    },
    {
      "date": "2025-04-29",
      "quarter": "Q2 2025",
      "revenue": 16057762.449236099,
      "earnings": 1929701.1560899494,
      "eps_actual": 0.0010606776079144819,
      "eps_estimate": 0.0010753885697429195,
      "surprise_percent": -1.3679670997390687,
      "price_on_date": 0.4519899270792491,
      "revenue_growth": 15.162586221271127,
      "earnings_growth": 20.849612020975176
    },
    {
      "date": "2025-01-29",
      "quarter": "Q1 2025",
      "revenue": 15254874.326774295,
      "earnings": 1833216.0982854522,
      "eps_actual": 0.0010076437275187578,
      "eps_estimate": 0.0010251130314184258,
      "surprise_percent": -1.7041344090120605,
      "price_on_date": 0.46096175076057955,
      "revenue_growth": 22.54947498796161,
      "earnings_growth": 17.72559897536843
    },
    {
      "date": "2024-10-31",
      "quarter": "Q4 2024",
      "revenue": 14492130.610435579,
      "earnings": 1741555.2933711794,
      "eps_actual": 0.0009572615411428198,
      "eps_estimate": 0.0009591650867634818,
      "surprise_percent": -0.19845860185394368,
      "price_on_date": 0.4551364686081402,
      "revenue_growth": 17.03793932834561,
      "earnings_growth": 20.980519210210137
    },
    {
      "date": "2024-08-02",
      "quarter": "Q3 2024",
      "revenue": 13767524.079913799,
      "earnings": 1654477.5287026202,
      "eps_actual": 0.0009093984640856788,
      "eps_estimate": 0.0008926814240120938,
      "surprise_percent": 1.8726770406458653,
      "price_on_date": 0.4404293438809426,
      "revenue_growth": 16.903673338542312,
      "earnings_growth": 21.363365059190034
    },
    {
      "date": "2024-05-04",
      "quarter": "Q2 2024",
      "revenue": 13079147.875918107,
      "earnings": 1571753.6522674891,
      "eps_actual": 0.0008639285408813948,
      "eps_estimate": 0.0008642603824975332,
      "surprise_percent": -0.03839602310352118,
      "price_on_date": 0.4109050869261146,
      "revenue_growth": 16.382617365684244,
      "earnings_growth": 16.562488707838877
    },
    {
      "date": "2024-02-04",
      "quarter": "Q1 2024",
      "revenue": 12425190.482122201,
      "earnings": 1493165.9696541145,
      "eps_actual": 0.000820732113837325,
      "eps_estimate": 0.0007997122231166796,
      "surprise_percent": 2.628431842485239,
      "price_on_date": 0.38335277973177284,
      "revenue_growth": 16.11665998938373,
      "earnings_growth": 16.498838663669023
    },
    {
      "date": "2023-11-06",
      "quarter": "Q4 2023",
      "revenue": 11803930.95801609,
      "earnings": 1418507.6711714086,
      "eps_actual": 0.0007796955081454586,
      "eps_estimate": 0.0007585573770810203,
      "surprise_percent": 2.786622568457419,
      "price_on_date": 0.355118656054614,
      "revenue_growth": 16.63426011988147,
      "earnings_growth": 19.718263448028697
    }
  ],
  "metrics": {
    "revenue_trend": [
      {
        "date": "2025-07-28",
        "value": 16902907.841301158
      },
      {
        "date": "2025-04-29",
        "value": 16057762.449236099
      },
      {
        "date": "2025-01-29",
        "value": 15254874.326774295
      },
      {
        "date": "2024-10-31",
        "value": 14492130.610435579
      },
      {
        "date": "2024-08-02",
        "value": 13767524.079913799
      },
      {
        "date": "2024-05-04",
        "value": 13079147.875918107
      },
      {
        "date": "2024-02-04",
        "value": 12425190.482122201
      },
      {
        "date": "2023-11-06",
        "value": 11803930.95801609
      }
    ],
    "eps_trend": [
      {
        "date": "2025-07-28",
        "value": 0.0011165027451731388
      },
      {
        "date": "2025-04-29",
        "value": 0.0010606776079144819
      },
      {
        "date": "2025-01-29",
        "value": 0.0010076437275187578
      },
      {
        "date": "2024-10-31",
        "value": 0.0009572615411428198
      },
      {
        "date": "2024-08-02",
        "value": 0.0009093984640856788
      },
      {
        "date": "2024-05-04",
        "value": 0.0008639285408813948
      },
      {
        "date": "2024-02-04",
        "value": 0.000820732113837325
      },
      {
        "date": "2023-11-06",
        "value": 0.0007796955081454586
      }
    ],
    "earnings_dates": [
      "2025-07-28",
      "2025-04-29",
      "2025-01-29",
      "2024-10-31",
      "2024-08-02",
      "2024-05-04",
      "2024-02-04",
      "2023-11-06"
    ]
  },
  "analysis": {
    "avg_revenue_growth": 18.199091643053812,
    "avg_earnings_surprise": -1.00742600355448,
    "consistency_score": 62,
    "trend_direction": "growing"
  }
}