{
  "ticker": "BAX",
  "quarters": [
    {
      "date": "2025-07-28",
      "quarter": "Q3 2025",
      "revenue": 120260051.26860312,
      "earnings": 1434516.1060720943,
      "eps_actual": 0.00035254410378794383,
      "eps_estimate": 0.00033588704220216184,
      "surprise_percent": 4.959125983715839,
      "price_on_date": 0.25359587381603765,
      "revenue_growth": -4.165232260758273,
      "earnings_growth": -4.390733955937931
    },
    {
      "date": "2025-04-29",
      "quarter": "Q2 2025",
      "revenue": 114247048.70517296,
      "earnings": 1362790.3007684895,
      "eps_actual": 0.0003349168985985466,
      "eps_estimate": 0.0003383500967273627,
      "surprise_percent": -1.0146880884690606,
      "price_on_date": 0.20446865600796835,
      "revenue_growth": -3.825417159735916,
      "earnings_growth": -3.2033831094043066
    },
    {
      "date": "2025-01-29",
      "quarter": "Q1 2025",
      "revenue": 108534696.26991431,
      "earnings": 1294650.785730065,
      "eps_actual": 0.0003181710536686193,
      "eps_estimate": 0.0003064530662515104,
      "surprise_percent": 3.8237461809214848,
      "price_on_date": 0.20294709498168775,
      "revenue_growth": -3.3296166644211658,
      "earnings_growth": -4.319867152234084
    },
    {
      "date": "2024-10-31",
      "quarter": "Q4 2024",
      "revenue": 103107961.45641859,
      "earnings": 1229918.2464435617,
      "eps_actual": 0.0003022625009851883,
      "eps_estimate": 0.0003004222556229339,
      "surprise_percent": 0.6125529410058548,
      "price_on_date": 0.2097415361285566,
      "revenue_growth": -3.2570452019295963,
      "earnings_growth": -2.824858305468675
    },
    {
      "date": "2024-08-02",
      "quarter": "Q3 2024",
      "revenue": 97952563.38359766,
      "earnings": 1168422.3341213837,
      "eps_actual": 0.0002871493759359289,
      "eps_estimate": 0.00028183959805063683,
      "surprise_percent": 1.883971564683438,
      "price_on_date": 0.18931357298252738,
      "revenue_growth": -4.105985681257451,
      "earnings_growth": -3.4058317360866286
    },
    {
      "date": "2024-05-04",
      "quarter": "Q2 2024",
      "revenue": 93054935.21441776,
      "earnings": 1110001.2174153142,
      "eps_actual": 0.00027279190713913235,
      "eps_estimate": 0.0002762946487210933,
      "surprise_percent": -1.2677558534609177,
      "price_on_date": 0.17128178219385826,
      "revenue_growth": -4.1005967175338744,
      "earnings_growth": -4.040884079030183
    },
    {
      "date": "2024-02-04",
      "quarter": "Q1 2024",
      "revenue": 88402188.45369688,
      "earnings": 1054501.1565445487,
      "eps_actual": 0.00025915231178217583,
      "eps_estimate": 0.00025677782488521165,
      "surprise_percent": 0.9247242817893863,
      "price_on_date": 0.17918936135707642,
      "revenue_growth": -3.4896078217013655,
      "earnings_growth": -4.488485328048451
    },
    {
      "date": "2023-11-06",
      "quarter": "Q4 2023",
      "revenue": 83982079.03101201,
      "earnings": 1001776.098717321,
      "eps_actual": 0.00024619469619306694,
      "eps_estimate": 0.00024255785950825167,
      "surprise_percent": 1.4993687247192842,
      "price_on_date": 0.15442747553185465,
      "revenue_growth": -4.271142522289177,
      "earnings_growth": -3.0634328729409033
    }
  ],
  "metrics": {
    "revenue_trend": [
      {
        "date": "2025-07-28",
        "value": 120260051.26860312
      },
      {
        "date": "2025-04-29",
        "value": 114247048.70517296
      },
      {
        "date": "2025-01-29",
        "value": 108534696.26991431
      },
      {
        "date": "2024-10-31",
        "value": 103107961.45641859
      },
      {
        "date": "2024-08-02",
        "value": 97952563.38359766
      },
      {
        "date": "2024-05-04",
        "value": 93054935.21441776
      },
      {
        "date": "2024-02-04",
        "value": 88402188.45369688
      },
      {
        "date": "2023-11-06",
        "value": 83982079.03101201
      }
    ],
    "eps_trend": [
      {
        "date": "2025-07-28",
        "value": 0.00035254410378794383
      },
      {
        "date": "2025-04-29",
        "value": 0.0003349168985985466
      },
      {
        "date": "2025-01-29",
        "value": 0.0003181710536686193
      },
      {
        "date": "2024-10-31",
        "value": 0.0003022625009851883
      },
      {
        "date": "2024-08-02",
        "value": 0.0002871493759359289
      },
      {
        "date": "2024-05-04",
        "value": 0.00027279190713913235
      },
      {
        "date": "2024-02-04",
        "value": 0.00025915231178217583
      },
      {
        "date": "2023-11-06",
        "value": 0.00024619469619306694
      }
    ],
    "earnings_dates": [
      "2025-07-28",
      "2025-04-29",
      "2025-01-29",
      "2024-10-31",
      "2024-08-02",
      "2024-05-04",
      "2024-02-04",
      "2023-11-06"
    ]
  },
  "analysis": {
    "avg_revenue_growth": -3.644327821711238,
    "avg_earnings_surprise": 2.0951842542935295,
    "consistency_score": 91,
    "trend_direction": "stable"
  }
}