{
  "ticker": "BBY",
  "quarters": [
    {
      "date": "2025-07-28",
      "quarter": "Q3 2025",
      "revenue": 73393366.24198298,
      "earnings": 1269491.6479646866,
      "eps_actual": 0.0002676144194518275,
      "eps_estimate": 0.00027068568917653333,
      "surprise_percent": -1.134625821575239,
      "price_on_date": 0.3488785633202238,
      "revenue_growth": 11.027605821431276,
      "earnings_growth": 8.823270553238618
    },
    {
      "date": "2025-04-29",
      "quarter": "Q2 2025",
      "revenue": 69723697.92988382,
      "earnings": 1206017.065566452,
      "eps_actual": 0.00025423369847923607,
      "eps_estimate": 0.00024318597843513747,
      "surprise_percent": 4.542909963472767,
      "price_on_date": 0.3580171651839012,
      "revenue_growth": 12.87341854588054,
      "earnings_growth": 10.0223336809184
    },
    {
      "date": "2025-01-29",
      "quarter": "Q1 2025",
      "revenue": 66237513.033389635,
      "earnings": 1145716.2122881296,
      "eps_actual": 0.00024152201355527432,
      "eps_estimate": 0.0002342027757528942,
      "surprise_percent": 3.125171244811635,
      "price_on_date": 0.37323699674102967,
      "revenue_growth": 13.803366461737134,
      "earnings_growth": 8.711001695624928
    },
    {
      "date": "2024-10-31",
      "quarter": "Q4 2024",
      "revenue": 62925637.38172015,
      "earnings": 1088430.401673723,
      "eps_actual": 0.00022944591287751056,
      "eps_estimate": 0.00022286153622482705,
      "surprise_percent": 2.954469741266191,
      "price_on_date": 0.34856807190008904,
      "revenue_growth": 13.764451323304222,
      "earnings_growth": 15.201891388357383
    },
    {
      "date": "2024-08-02",
      "quarter": "Q3 2024",
      "revenue": 59779355.51263414,
      "earnings": 1034008.8815900369,
      "eps_actual": 0.00021797361723363505,
      "eps_estimate": 0.000216405509284088,
      "surprise_percent": 0.724615539934573,
      "price_on_date": 0.301534660357431,
      "revenue_growth": 10.792282082962672,
      "earnings_growth": 10.611835218234802
    },
    {
      "date": "2024-05-04",
      "quarter": "Q2 2024",
      "revenue": 56790387.737002425,
      "earnings": 982308.4375105349,
      "eps_actual": 0.00020707493637195327,
      "eps_estimate": 0.0002036968323615233,
      "surprise_percent": 1.6583979099068533,
      "price_on_date": 0.2715693274274192,
      "revenue_growth": 14.287871788500512,
      "earnings_growth": 8.857809232425385
    },
    {
      "date": "2024-02-04",
      "quarter": "Q1 2024",
      "revenue": 53950868.350152306,
      "earnings": 933193.0156350081,
      "eps_actual": 0.00019672118955335559,
      "eps_estimate": 0.00018977677379241188,
      "surprise_percent": 3.659254829855988,
      "price_on_date": 0.27738436398329447,
      "revenue_growth": 13.896697467814617,
      "earnings_growth": 12.199571772439372
    },
    {
      "date": "2023-11-06",
      "quarter": "Q4 2023",
      "revenue": 51253324.93264469,
      "earnings": 886533.3648532577,
      "eps_actual": 0.0001868851300756878,
      "eps_estimate": 0.00018431146840644898,
      "surprise_percent": 1.396365452182986,
      "price_on_date": 0.2518159392138045,
      "revenue_growth": 10.387487809211493,
      "earnings_growth": 14.792683101426192
    }
  ],
  "metrics": {
    "revenue_trend": [
      {
        "date": "2025-07-28",
        "value": 73393366.24198298
      },
      {
        "date": "2025-04-29",
        "value": 69723697.92988382
      },
      {
        "date": "2025-01-29",
        "value": 66237513.033389635
      },
      {
        "date": "2024-10-31",
        "value": 62925637.38172015
      },
      {
        "date": "2024-08-02",
        "value": 59779355.51263414
      },
      {
        "date": "2024-05-04",
        "value": 56790387.737002425
      },
      {
        "date": "2024-02-04",
        "value": 53950868.350152306
      },
      {
        "date": "2023-11-06",
        "value": 51253324.93264469
      }
    ],
    "eps_trend": [
      {
        "date": "2025-07-28",
        "value": 0.0002676144194518275
      },
      {
        "date": "2025-04-29",
        "value": 0.00025423369847923607
      },
      {
        "date": "2025-01-29",
        "value": 0.00024152201355527432
      },
      {
        "date": "2024-10-31",
        "value": 0.00022944591287751056
      },
      {
        "date": "2024-08-02",
        "value": 0.00021797361723363505
      },
      {
        "date": "2024-05-04",
        "value": 0.00020707493637195327
      },
      {
        "date": "2024-02-04",
        "value": 0.00019672118955335559
      },
      {
        "date": "2023-11-06",
        "value": 0.0001868851300756878
      }
    ],
    "earnings_dates": [
      "2025-07-28",
      "2025-04-29",
      "2025-01-29",
      "2024-10-31",
      "2024-08-02",
      "2024-05-04",
      "2024-02-04",
      "2023-11-06"
    ]
  },
  "analysis": {
    "avg_revenue_growth": 12.867210538088292,
    "avg_earnings_surprise": 2.371981281993839,
    "consistency_score": 71,
    "trend_direction": "growing"
  }
}