{
  "ticker": "BDX",
  "quarters": [
    {
      "date": "2025-07-28",
      "quarter": "Q3 2025",
      "revenue": 68898326.34387532,
      "earnings": 7684223.546674864,
      "eps_actual": 0.002664902309822699,
      "eps_estimate": 0.0025500484678786343,
      "surprise_percent": 4.503986625776203,
      "price_on_date": 0.5070793167957874,
      "revenue_growth": 40.15737081543796,
      "earnings_growth": 32.400658090341075
    },
    {
      "date": "2025-04-29",
      "quarter": "Q2 2025",
      "revenue": 65453410.02668155,
      "earnings": 7300012.369341121,
      "eps_actual": 0.002531657194331564,
      "eps_estimate": 0.00250578295605058,
      "surprise_percent": 1.03258098306187,
      "price_on_date": 0.4930113527967513,
      "revenue_growth": 40.744638746099625,
      "earnings_growth": 36.12350594357054
    },
    {
      "date": "2025-01-29",
      "quarter": "Q1 2025",
      "revenue": 62180739.52534747,
      "earnings": 6935011.750874065,
      "eps_actual": 0.0024050743346149856,
      "eps_estimate": 0.0023372938881704355,
      "surprise_percent": 2.8999539504895817,
      "price_on_date": 0.48675209783091516,
      "revenue_growth": 29.2896901753549,
      "earnings_growth": 24.68886967469222
    },
    {
      "date": "2024-10-31",
      "quarter": "Q4 2024",
      "revenue": 59071702.549080096,
      "earnings": 6588261.163330361,
      "eps_actual": 0.0022848206178842363,
      "eps_estimate": 0.0022799413354701614,
      "surprise_percent": 0.21400912111928286,
      "price_on_date": 0.49142695485147436,
      "revenue_growth": 27.38995238141711,
      "earnings_growth": 27.54754856114274
    },
    {
      "date": "2024-08-02",
      "quarter": "Q3 2024",
      "revenue": 56118117.42162609,
      "earnings": 6258848.105163843,
      "eps_actual": 0.0021705795869900245,
      "eps_estimate": 0.0021281435797202465,
      "surprise_percent": 1.9940387328263045,
      "price_on_date": 0.4757316962796533,
      "revenue_growth": 39.331017834480825,
      "earnings_growth": 28.875987567240816
    },
    {
      "date": "2024-05-04",
      "quarter": "Q2 2024",
      "revenue": 53312211.550544776,
      "earnings": 5945905.69990565,
      "eps_actual": 0.0020620506076405227,
      "eps_estimate": 0.0020442362246959195,
      "surprise_percent": 0.871444441175242,
      "price_on_date": 0.41457741399400183,
      "revenue_growth": 39.75486467437824,
      "earnings_growth": 33.083240336012324
    },
    {
      "date": "2024-02-04",
      "quarter": "Q1 2024",
      "revenue": 50646600.973017536,
      "earnings": 5648610.414910367,
      "eps_actual": 0.0019589480772584963,
      "eps_estimate": 0.001881457657464121,
      "surprise_percent": 4.118637455749022,
      "price_on_date": 0.42091017429477195,
      "revenue_growth": 33.30341388845506,
      "earnings_growth": 25.216399915751623
    },
    {
      "date": "2023-11-06",
      "quarter": "Q4 2023",
      "revenue": 48114270.92436665,
      "earnings": 5366179.894164848,
      "eps_actual": 0.0018610006733955715,
      "eps_estimate": 0.0018147218559617653,
      "surprise_percent": 2.5501879134683945,
      "price_on_date": 0.3833382556646935,
      "revenue_growth": 39.832253944660216,
      "earnings_growth": 39.406776234172746
    }
  ],
  "metrics": {
    "revenue_trend": [
      {
        "date": "2025-07-28",
        "value": 68898326.34387532
      },
      {
        "date": "2025-04-29",
        "value": 65453410.02668155
      },
      {
        "date": "2025-01-29",
        "value": 62180739.52534747
      },
      {
        "date": "2024-10-31",
        "value": 59071702.549080096
      },
      {
        "date": "2024-08-02",
        "value": 56118117.42162609
      },
      {
        "date": "2024-05-04",
        "value": 53312211.550544776
      },
      {
        "date": "2024-02-04",
        "value": 50646600.973017536
      },
      {
        "date": "2023-11-06",
        "value": 48114270.92436665
      }
    ],
    "eps_trend": [
      {
        "date": "2025-07-28",
        "value": 0.002664902309822699
      },
      {
        "date": "2025-04-29",
        "value": 0.002531657194331564
      },
      {
        "date": "2025-01-29",
        "value": 0.0024050743346149856
      },
      {
        "date": "2024-10-31",
        "value": 0.0022848206178842363
      },
      {
        "date": "2024-08-02",
        "value": 0.0021705795869900245
      },
      {
        "date": "2024-05-04",
        "value": 0.0020620506076405227
      },
      {
        "date": "2024-02-04",
        "value": 0.0019589480772584963
      },
      {
        "date": "2023-11-06",
        "value": 0.0018610006733955715
      }
    ],
    "earnings_dates": [
      "2025-07-28",
      "2025-04-29",
      "2025-01-29",
      "2024-10-31",
      "2024-08-02",
      "2024-05-04",
      "2024-02-04",
      "2023-11-06"
    ]
  },
  "analysis": {
    "avg_revenue_growth": 34.3954130295774,
    "avg_earnings_surprise": 2.1626326701117344,
    "consistency_score": 81,
    "trend_direction": "growing"
  }
}