{
  "ticker": "BEN",
  "quarters": [
    {
      "date": "2025-07-28",
      "quarter": "Q3 2025",
      "revenue": 24197915.48632193,
      "earnings": 265703.3851437064,
      "eps_actual": 0.00042500384372860366,
      "eps_estimate": 0.00040848763952504346,
      "surprise_percent": 4.043256785630997,
      "price_on_date": 0.5543316721859809,
      "revenue_growth": -0.4092841410649837,
      "earnings_growth": -0.4500491876965774
    },
    {
      "date": "2025-04-29",
      "quarter": "Q2 2025",
      "revenue": 22988019.71200583,
      "earnings": 252418.2158865211,
      "eps_actual": 0.0004037536515421735,
      "eps_estimate": 0.0003872189384198787,
      "surprise_percent": 4.270119945519159,
      "price_on_date": 0.5183711564657827,
      "revenue_growth": -0.5561566756820283,
      "earnings_growth": -0.6418012775517951
    },
    {
      "date": "2025-01-29",
      "quarter": "Q1 2025",
      "revenue": 21838618.726405542,
      "earnings": 239797.30509219505,
      "eps_actual": 0.00038356596896506486,
      "eps_estimate": 0.0003728918138303048,
      "surprise_percent": 2.862534048445931,
      "price_on_date": 0.5220680790357124,
      "revenue_growth": -0.5956007756290128,
      "earnings_growth": -0.5699901595571053
    },
    {
      "date": "2024-10-31",
      "quarter": "Q4 2024",
      "revenue": 20746687.790085264,
      "earnings": 227807.4398375853,
      "eps_actual": 0.0003643876705168116,
      "eps_estimate": 0.00037135630533863387,
      "surprise_percent": -1.8765360171998924,
      "price_on_date": 0.49929097443043413,
      "revenue_growth": -0.45244016091350436,
      "earnings_growth": -0.39516379849311956
    },
    {
      "date": "2024-08-02",
      "quarter": "Q3 2024",
      "revenue": 19709353.400581,
      "earnings": 216417.067845706,
      "eps_actual": 0.00034616828699097097,
      "eps_estimate": 0.00035046102388650165,
      "surprise_percent": -1.2248828266052507,
      "price_on_date": 0.4634349220138167,
      "revenue_growth": -0.6074367236558583,
      "earnings_growth": -0.4229951537248383
    },
    {
      "date": "2024-05-04",
      "quarter": "Q2 2024",
      "revenue": 18723885.730551947,
      "earnings": 205596.2144534207,
      "eps_actual": 0.0003288598726414224,
      "eps_estimate": 0.000312956463494159,
      "surprise_percent": 5.081668219822612,
      "price_on_date": 0.45873767803697474,
      "revenue_growth": -0.5775478861973633,
      "earnings_growth": -0.46521292845147544
    },
    {
      "date": "2024-02-04",
      "quarter": "Q1 2024",
      "revenue": 17787691.44402435,
      "earnings": 195316.40373074965,
      "eps_actual": 0.0003124168790093513,
      "eps_estimate": 0.0003045558266317435,
      "surprise_percent": 2.5811531713405897,
      "price_on_date": 0.4653850215976666,
      "revenue_growth": -0.5737414636420457,
      "earnings_growth": -0.47186740067173394
    },
    {
      "date": "2023-11-06",
      "quarter": "Q4 2023",
      "revenue": 16898306.87182313,
      "earnings": 185550.58354421213,
      "eps_actual": 0.00029679603505888363,
      "eps_estimate": 0.00029278914828220894,
      "surprise_percent": 1.3685229798245786,
      "price_on_date": 0.37585330141837353,
      "revenue_growth": -0.5700071838830166,
      "earnings_growth": -0.582119459421344
    }
  ],
  "metrics": {
    "revenue_trend": [
      {
        "date": "2025-07-28",
        "value": 24197915.48632193
      },
      {
        "date": "2025-04-29",
        "value": 22988019.71200583
      },
      {
        "date": "2025-01-29",
        "value": 21838618.726405542
      },
      {
        "date": "2024-10-31",
        "value": 20746687.790085264
      },
      {
        "date": "2024-08-02",
        "value": 19709353.400581
      },
      {
        "date": "2024-05-04",
        "value": 18723885.730551947
      },
      {
        "date": "2024-02-04",
        "value": 17787691.44402435
      },
      {
        "date": "2023-11-06",
        "value": 16898306.87182313
      }
    ],
    "eps_trend": [
      {
        "date": "2025-07-28",
        "value": 0.00042500384372860366
      },
      {
        "date": "2025-04-29",
        "value": 0.0004037536515421735
      },
      {
        "date": "2025-01-29",
        "value": 0.00038356596896506486
      },
      {
        "date": "2024-10-31",
        "value": 0.0003643876705168116
      },
      {
        "date": "2024-08-02",
        "value": 0.00034616828699097097
      },
      {
        "date": "2024-05-04",
        "value": 0.0003288598726414224
      },
      {
        "date": "2024-02-04",
        "value": 0.0003124168790093513
      },
      {
        "date": "2023-11-06",
        "value": 0.00029679603505888363
      }
    ],
    "earnings_dates": [
      "2025-07-28",
      "2025-04-29",
      "2025-01-29",
      "2024-10-31",
      "2024-08-02",
      "2024-05-04",
      "2024-02-04",
      "2023-11-06"
    ]
  },
  "analysis": {
    "avg_revenue_growth": -0.5033704383223823,
    "avg_earnings_surprise": 2.3248436905990486,
    "consistency_score": 84,
    "trend_direction": "stable"
  }
}