{
  "ticker": "BF.B",
  "quarters": [
    {
      "date": "2025-07-28",
      "quarter": "Q3 2025",
      "revenue": 63114935.13340622,
      "earnings": 10446166.494311178,
      "eps_actual": 0.002137866131448827,
      "eps_estimate": 0.002093520373756112,
      "surprise_percent": 2.1182386495313374,
      "price_on_date": 0.3346168156263496,
      "revenue_growth": 15.210813180104445,
      "earnings_growth": 20.59806310917524
    },
    {
      "date": "2025-04-29",
      "quarter": "Q2 2025",
      "revenue": 59959188.37673591,
      "earnings": 9923858.16959562,
      "eps_actual": 0.0020309728248763858,
      "eps_estimate": 0.0019895679918161286,
      "surprise_percent": 2.0810966617160824,
      "price_on_date": 0.28952448185637053,
      "revenue_growth": 18.322911311652884,
      "earnings_growth": 18.7961664815736
    },
    {
      "date": "2025-01-29",
      "quarter": "Q1 2025",
      "revenue": 56961228.957899116,
      "earnings": 9427665.261115838,
      "eps_actual": 0.001929424183632566,
      "eps_estimate": 0.0018619622225184052,
      "surprise_percent": 3.6231648686682236,
      "price_on_date": 0.29026684518599877,
      "revenue_growth": 18.069568922724294,
      "earnings_growth": 16.56768807957667
    },
    {
      "date": "2024-10-31",
      "quarter": "Q4 2024",
      "revenue": 54113167.510004155,
      "earnings": 8956281.998060046,
      "eps_actual": 0.0018329529744509378,
      "eps_estimate": 0.001803826545320059,
      "surprise_percent": 1.6147023230390931,
      "price_on_date": 0.26203526089356466,
      "revenue_growth": 16.881403870905434,
      "earnings_growth": 16.444742774855964
    },
    {
      "date": "2024-08-02",
      "quarter": "Q3 2024",
      "revenue": 51407509.134503946,
      "earnings": 8508467.898157043,
      "eps_actual": 0.001741305325728391,
      "eps_estimate": 0.0016554099973235465,
      "surprise_percent": 5.188764628926932,
      "price_on_date": 0.26594743660388587,
      "revenue_growth": 18.851337345529885,
      "earnings_growth": 17.81875895432735
    },
    {
      "date": "2024-05-04",
      "quarter": "Q2 2024",
      "revenue": 48837133.677778736,
      "earnings": 8083044.503249189,
      "eps_actual": 0.0016542400594419708,
      "eps_estimate": 0.0016655782683928676,
      "surprise_percent": -0.6807370848946738,
      "price_on_date": 0.2533340611899619,
      "revenue_growth": 20.09652562377001,
      "earnings_growth": 19.654047318207567
    },
    {
      "date": "2024-02-04",
      "quarter": "Q1 2024",
      "revenue": 46395276.9938898,
      "earnings": 7678892.278086729,
      "eps_actual": 0.0015715280564698724,
      "eps_estimate": 0.0015876225009409074,
      "surprise_percent": -1.013745047169373,
      "price_on_date": 0.2258204047848487,
      "revenue_growth": 17.43442032877102,
      "earnings_growth": 13.025100367399139
    },
    {
      "date": "2023-11-06",
      "quarter": "Q4 2023",
      "revenue": 44075513.14419531,
      "earnings": 7294947.664182393,
      "eps_actual": 0.0014929516536463787,
      "eps_estimate": 0.0014537011802830103,
      "surprise_percent": 2.700037249452263,
      "price_on_date": 0.23762480351483553,
      "revenue_growth": 19.398531045153316,
      "earnings_growth": 16.406319088460783
    }
  ],
  "metrics": {
    "revenue_trend": [
      {
        "date": "2025-07-28",
        "value": 63114935.13340622
      },
      {
        "date": "2025-04-29",
        "value": 59959188.37673591
      },
      {
        "date": "2025-01-29",
        "value": 56961228.957899116
      },
      {
        "date": "2024-10-31",
        "value": 54113167.510004155
      },
      {
        "date": "2024-08-02",
        "value": 51407509.134503946
      },
      {
        "date": "2024-05-04",
        "value": 48837133.677778736
      },
      {
        "date": "2024-02-04",
        "value": 46395276.9938898
      },
      {
        "date": "2023-11-06",
        "value": 44075513.14419531
      }
    ],
    "eps_trend": [
      {
        "date": "2025-07-28",
        "value": 0.002137866131448827
      },
      {
        "date": "2025-04-29",
        "value": 0.0020309728248763858
      },
      {
        "date": "2025-01-29",
        "value": 0.001929424183632566
      },
      {
        "date": "2024-10-31",
        "value": 0.0018329529744509378
      },
      {
        "date": "2024-08-02",
        "value": 0.001741305325728391
      },
      {
        "date": "2024-05-04",
        "value": 0.0016542400594419708
      },
      {
        "date": "2024-02-04",
        "value": 0.0015715280564698724
      },
      {
        "date": "2023-11-06",
        "value": 0.0014929516536463787
      }
    ],
    "earnings_dates": [
      "2025-07-28",
      "2025-04-29",
      "2025-01-29",
      "2024-10-31",
      "2024-08-02",
      "2024-05-04",
      "2024-02-04",
      "2023-11-06"
    ]
  },
  "analysis": {
    "avg_revenue_growth": 17.121174321346764,
    "avg_earnings_surprise": 2.359300625738684,
    "consistency_score": 86,
    "trend_direction": "growing"
  }
}