{
  "ticker": "BG",
  "quarters": [
    {
      "date": "2025-07-28",
      "quarter": "Q3 2025",
      "revenue": 107063077.67023517,
      "earnings": 4965081.394747894,
      "eps_actual": 0.007259309291442902,
      "eps_estimate": 0.006948471660369332,
      "surprise_percent": 4.473467638163306,
      "price_on_date": 0.9446114298840865,
      "revenue_growth": -19.30292003294511,
      "earnings_growth": -15.175733308008764
    },
    {
      "date": "2025-04-29",
      "quarter": "Q2 2025",
      "revenue": 101709923.7867234,
      "earnings": 4716827.325010499,
      "eps_actual": 0.006896343826870757,
      "eps_estimate": 0.006665781594578607,
      "surprise_percent": 3.4588926897885495,
      "price_on_date": 1.0518822946144444,
      "revenue_growth": -15.699255887888548,
      "earnings_growth": -18.92584338654502
    },
    {
      "date": "2025-01-29",
      "quarter": "Q1 2025",
      "revenue": 96624427.59738724,
      "earnings": 4480985.958759975,
      "eps_actual": 0.00655152663552722,
      "eps_estimate": 0.006306981436851051,
      "surprise_percent": 3.87737305277793,
      "price_on_date": 0.9745456638915908,
      "revenue_growth": -19.148436757009993,
      "earnings_growth": -20.708819054574793
    },
    {
      "date": "2024-10-31",
      "quarter": "Q4 2024",
      "revenue": 91793206.21751787,
      "earnings": 4256936.660821975,
      "eps_actual": 0.006223950303750858,
      "eps_estimate": 0.006294611313313504,
      "surprise_percent": -1.1225635078244431,
      "price_on_date": 0.8934136125079276,
      "revenue_growth": -15.909925743479468,
      "earnings_growth": -15.962956235173856
    },
    {
      "date": "2024-08-02",
      "quarter": "Q3 2024",
      "revenue": 87203545.90664198,
      "earnings": 4044089.827780877,
      "eps_actual": 0.005912752788563316,
      "eps_estimate": 0.005861776164605283,
      "surprise_percent": 0.8696446695771246,
      "price_on_date": 0.8923496092804354,
      "revenue_growth": -14.771600947755207,
      "earnings_growth": -12.165951856101826
    },
    {
      "date": "2024-05-04",
      "quarter": "Q2 2024",
      "revenue": 82843368.61130986,
      "earnings": 3841885.3363918317,
      "eps_actual": 0.005617115149135148,
      "eps_estimate": 0.005647866778934735,
      "surprise_percent": -0.5444822090047161,
      "price_on_date": 0.7711616695164472,
      "revenue_growth": -16.64498557284073,
      "earnings_growth": -12.807480330754172
    },
    {
      "date": "2024-02-04",
      "quarter": "Q1 2024",
      "revenue": 78701200.18074436,
      "earnings": 3649791.0695722406,
      "eps_actual": 0.0053362593916783906,
      "eps_estimate": 0.005169267286370284,
      "surprise_percent": 3.2304792160469527,
      "price_on_date": 0.7214644029301368,
      "revenue_growth": -17.896748033116907,
      "earnings_growth": -16.36572031297072
    },
    {
      "date": "2023-11-06",
      "quarter": "Q4 2023",
      "revenue": 74766140.17170714,
      "earnings": 3467301.516093628,
      "eps_actual": 0.0050694464220944705,
      "eps_estimate": 0.004895490513552833,
      "surprise_percent": 3.5533907799443707,
      "price_on_date": 0.6666373920745015,
      "revenue_growth": -14.905520774617404,
      "earnings_growth": -19.126204830668872
    }
  ],
  "metrics": {
    "revenue_trend": [
      {
        "date": "2025-07-28",
        "value": 107063077.67023517
      },
      {
        "date": "2025-04-29",
        "value": 101709923.7867234
      },
      {
        "date": "2025-01-29",
        "value": 96624427.59738724
      },
      {
        "date": "2024-10-31",
        "value": 91793206.21751787
      },
      {
        "date": "2024-08-02",
        "value": 87203545.90664198
      },
      {
        "date": "2024-05-04",
        "value": 82843368.61130986
      },
      {
        "date": "2024-02-04",
        "value": 78701200.18074436
      },
      {
        "date": "2023-11-06",
        "value": 74766140.17170714
      }
    ],
    "eps_trend": [
      {
        "date": "2025-07-28",
        "value": 0.007259309291442902
      },
      {
        "date": "2025-04-29",
        "value": 0.006896343826870757
      },
      {
        "date": "2025-01-29",
        "value": 0.00655152663552722
      },
      {
        "date": "2024-10-31",
        "value": 0.006223950303750858
      },
      {
        "date": "2024-08-02",
        "value": 0.005912752788563316
      },
      {
        "date": "2024-05-04",
        "value": 0.005617115149135148
      },
      {
        "date": "2024-02-04",
        "value": 0.0053362593916783906
      },
      {
        "date": "2023-11-06",
        "value": 0.0050694464220944705
      }
    ],
    "earnings_dates": [
      "2025-07-28",
      "2025-04-29",
      "2025-01-29",
      "2024-10-31",
      "2024-08-02",
      "2024-05-04",
      "2024-02-04",
      "2023-11-06"
    ]
  },
  "analysis": {
    "avg_revenue_growth": -17.51513460533078,
    "avg_earnings_surprise": 2.6717924682263354,
    "consistency_score": 85,
    "trend_direction": "declining"
  }
}