{
  "ticker": "BIIB",
  "quarters": [
    {
      "date": "2025-07-28",
      "quarter": "Q3 2025",
      "revenue": 366681002.5789022,
      "earnings": 50914334.14992889,
      "eps_actual": 0.018021567230626003,
      "eps_estimate": 0.01836786732289399,
      "surprise_percent": -1.8853581974449043,
      "price_on_date": 12.667988110125872,
      "revenue_growth": 39.677677330320066,
      "earnings_growth": 36.391190997259024
    },
    {
      "date": "2025-04-29",
      "quarter": "Q2 2025",
      "revenue": 348346952.4499571,
      "earnings": 48368617.44243245,
      "eps_actual": 0.017120488869094702,
      "eps_estimate": 0.016312047729824412,
      "surprise_percent": 4.956098416706828,
      "price_on_date": 11.40232547996236,
      "revenue_growth": 36.559206386198106,
      "earnings_growth": 28.996029333156567
    },
    {
      "date": "2025-01-29",
      "quarter": "Q1 2025",
      "revenue": 330929604.8274592,
      "earnings": 45950186.57031082,
      "eps_actual": 0.016264464425639967,
      "eps_estimate": 0.015508890039739405,
      "surprise_percent": 4.871879186482758,
      "price_on_date": 11.842380745356737,
      "revenue_growth": 44.891751656125564,
      "earnings_growth": 30.354993611870732
    },
    {
      "date": "2024-10-31",
      "quarter": "Q4 2024",
      "revenue": 314383124.5860862,
      "earnings": 43652677.24179528,
      "eps_actual": 0.015451241204357967,
      "eps_estimate": 0.015556393191619439,
      "surprise_percent": -0.6759406628917001,
      "price_on_date": 9.738176145625445,
      "revenue_growth": 36.05377958478579,
      "earnings_growth": 39.91280001784121
    },
    {
      "date": "2024-08-02",
      "quarter": "Q3 2024",
      "revenue": 298663968.3567819,
      "earnings": 41470043.37970551,
      "eps_actual": 0.014678679144140068,
      "eps_estimate": 0.014209223603754645,
      "surprise_percent": 3.3038788992058215,
      "price_on_date": 9.834390612802734,
      "revenue_growth": 32.76366226031161,
      "earnings_growth": 50.95090607115372
    },
    {
      "date": "2024-05-04",
      "quarter": "Q2 2024",
      "revenue": 283730769.9389428,
      "earnings": 39396541.21072023,
      "eps_actual": 0.013944745186933064,
      "eps_estimate": 0.013826096007461834,
      "surprise_percent": 0.8581538809451034,
      "price_on_date": 9.289111064814133,
      "revenue_growth": 44.68028572311137,
      "earnings_growth": 37.13618945835239
    },
    {
      "date": "2024-02-04",
      "quarter": "Q1 2024",
      "revenue": 269544231.4419956,
      "earnings": 37426714.15018422,
      "eps_actual": 0.01324750792758641,
      "eps_estimate": 0.013394918893960195,
      "surprise_percent": -1.100499133594991,
      "price_on_date": 8.364306643252478,
      "revenue_growth": 45.35224048456799,
      "earnings_growth": 29.989721960605632
    },
    {
      "date": "2023-11-06",
      "quarter": "Q4 2023",
      "revenue": 256067019.86989582,
      "earnings": 35555378.44267501,
      "eps_actual": 0.01258513253120709,
      "eps_estimate": 0.01246171982459752,
      "surprise_percent": 0.9903344670450027,
      "price_on_date": 8.759283959295225,
      "revenue_growth": 42.185799102584305,
      "earnings_growth": 47.14681660525219
    }
  ],
  "metrics": {
    "revenue_trend": [
      {
        "date": "2025-07-28",
        "value": 366681002.5789022
      },
      {
        "date": "2025-04-29",
        "value": 348346952.4499571
      },
      {
        "date": "2025-01-29",
        "value": 330929604.8274592
      },
      {
        "date": "2024-10-31",
        "value": 314383124.5860862
      },
      {
        "date": "2024-08-02",
        "value": 298663968.3567819
      },
      {
        "date": "2024-05-04",
        "value": 283730769.9389428
      },
      {
        "date": "2024-02-04",
        "value": 269544231.4419956
      },
      {
        "date": "2023-11-06",
        "value": 256067019.86989582
      }
    ],
    "eps_trend": [
      {
        "date": "2025-07-28",
        "value": 0.018021567230626003
      },
      {
        "date": "2025-04-29",
        "value": 0.017120488869094702
      },
      {
        "date": "2025-01-29",
        "value": 0.016264464425639967
      },
      {
        "date": "2024-10-31",
        "value": 0.015451241204357967
      },
      {
        "date": "2024-08-02",
        "value": 0.014678679144140068
      },
      {
        "date": "2024-05-04",
        "value": 0.013944745186933064
      },
      {
        "date": "2024-02-04",
        "value": 0.01324750792758641
      },
      {
        "date": "2023-11-06",
        "value": 0.01258513253120709
      }
    ],
    "earnings_dates": [
      "2025-07-28",
      "2025-04-29",
      "2025-01-29",
      "2024-10-31",
      "2024-08-02",
      "2024-05-04",
      "2024-02-04",
      "2023-11-06"
    ]
  },
  "analysis": {
    "avg_revenue_growth": 39.29560373935738,
    "avg_earnings_surprise": 1.8166696857132454,
    "consistency_score": 68,
    "trend_direction": "growing"
  }
}