{
  "ticker": "BK",
  "quarters": [
    {
      "date": "2025-07-28",
      "quarter": "Q3 2025",
      "revenue": 1001387501.4335778,
      "earnings": 67732084.6165764,
      "eps_actual": 0.10742406002918532,
      "eps_estimate": 0.10884454886295346,
      "surprise_percent": -1.305061988503143,
      "price_on_date": 84.4853050895712,
      "revenue_growth": 9.916148371061016,
      "earnings_growth": 13.025093401168633
    },
    {
      "date": "2025-04-29",
      "quarter": "Q2 2025",
      "revenue": 951318126.3618989,
      "earnings": 64345480.38574758,
      "eps_actual": 0.10205285702772605,
      "eps_estimate": 0.10086187729226931,
      "surprise_percent": 1.1808026654170058,
      "price_on_date": 80.58262189067679,
      "revenue_growth": 12.64557947874528,
      "earnings_growth": 14.035487291255745
    },
    {
      "date": "2025-01-29",
      "quarter": "Q1 2025",
      "revenue": 903752220.0438039,
      "earnings": 61128206.366460204,
      "eps_actual": 0.09695021417633976,
      "eps_estimate": 0.09497052145186195,
      "surprise_percent": 2.084533910326328,
      "price_on_date": 72.06933299912998,
      "revenue_growth": 13.649931417870356,
      "earnings_growth": 11.409662366088655
    },
    {
      "date": "2024-10-31",
      "quarter": "Q4 2024",
      "revenue": 858564609.0416136,
      "earnings": 58071796.04813718,
      "eps_actual": 0.09210270346752275,
      "eps_estimate": 0.09342969864032961,
      "surprise_percent": -1.4203140886874874,
      "price_on_date": 62.21863523561031,
      "revenue_growth": 9.45830206272635,
      "earnings_growth": 13.832779746905354
    },
    {
      "date": "2024-08-02",
      "quarter": "Q3 2024",
      "revenue": 815636378.589533,
      "earnings": 55168206.245730326,
      "eps_actual": 0.08749756829414662,
      "eps_estimate": 0.08734608139742876,
      "surprise_percent": 0.1734329626404034,
      "price_on_date": 68.49988851985432,
      "revenue_growth": 9.537143954994148,
      "earnings_growth": 12.976815107260727
    },
    {
      "date": "2024-05-04",
      "quarter": "Q2 2024",
      "revenue": 774854559.6600561,
      "earnings": 52409795.9334438,
      "eps_actual": 0.08312268987943927,
      "eps_estimate": 0.08399350148512075,
      "surprise_percent": -1.0367606901537956,
      "price_on_date": 57.141095490809164,
      "revenue_growth": 12.865659373963831,
      "earnings_growth": 13.692059043901859
    },
    {
      "date": "2024-02-04",
      "quarter": "Q1 2024",
      "revenue": 736111831.6770533,
      "earnings": 49789306.13677161,
      "eps_actual": 0.0789665553854673,
      "eps_estimate": 0.07897066915897678,
      "surprise_percent": -0.005209242308935281,
      "price_on_date": 63.89216488925316,
      "revenue_growth": 11.857126396359476,
      "earnings_growth": 12.80377579027859
    },
    {
      "date": "2023-11-06",
      "quarter": "Q4 2023",
      "revenue": 699306240.0932007,
      "earnings": 47299840.82993303,
      "eps_actual": 0.07501822761619395,
      "eps_estimate": 0.0715949325919611,
      "surprise_percent": 4.7814767055416185,
      "price_on_date": 56.581598045389946,
      "revenue_growth": 9.799228063114604,
      "earnings_growth": 10.204578460316975
    }
  ],
  "metrics": {
    "revenue_trend": [
      {
        "date": "2025-07-28",
        "value": 1001387501.4335778
      },
      {
        "date": "2025-04-29",
        "value": 951318126.3618989
      },
      {
        "date": "2025-01-29",
        "value": 903752220.0438039
      },
      {
        "date": "2024-10-31",
        "value": 858564609.0416136
      },
      {
        "date": "2024-08-02",
        "value": 815636378.589533
      },
      {
        "date": "2024-05-04",
        "value": 774854559.6600561
      },
      {
        "date": "2024-02-04",
        "value": 736111831.6770533
      },
      {
        "date": "2023-11-06",
        "value": 699306240.0932007
      }
    ],
    "eps_trend": [
      {
        "date": "2025-07-28",
        "value": 0.10742406002918532
      },
      {
        "date": "2025-04-29",
        "value": 0.10205285702772605
      },
      {
        "date": "2025-01-29",
        "value": 0.09695021417633976
      },
      {
        "date": "2024-10-31",
        "value": 0.09210270346752275
      },
      {
        "date": "2024-08-02",
        "value": 0.08749756829414662
      },
      {
        "date": "2024-05-04",
        "value": 0.08312268987943927
      },
      {
        "date": "2024-02-04",
        "value": 0.0789665553854673
      },
      {
        "date": "2023-11-06",
        "value": 0.07501822761619395
      }
    ],
    "earnings_dates": [
      "2025-07-28",
      "2025-04-29",
      "2025-01-29",
      "2024-10-31",
      "2024-08-02",
      "2024-05-04",
      "2024-02-04",
      "2023-11-06"
    ]
  },
  "analysis": {
    "avg_revenue_growth": 11.41749033260075,
    "avg_earnings_surprise": 0.1349901246381759,
    "consistency_score": 71,
    "trend_direction": "growing"
  }
}