{
  "ticker": "BKNG",
  "quarters": [
    {
      "date": "2025-07-28",
      "quarter": "Q3 2025",
      "revenue": 30941950428.512558,
      "earnings": 3632411399.1674557,
      "eps_actual": 4.4568178823134765,
      "eps_estimate": 4.33545443916591,
      "surprise_percent": 2.799324611768154,
      "price_on_date": 2398.453381108345,
      "revenue_growth": 6.725184873096581,
      "earnings_growth": 7.298328180547265
    },
    {
      "date": "2025-04-29",
      "quarter": "Q2 2025",
      "revenue": 29394852907.08693,
      "earnings": 3450790829.2090826,
      "eps_actual": 4.233976988197803,
      "eps_estimate": 4.134068174084045,
      "surprise_percent": 2.4167190744476272,
      "price_on_date": 2036.2447741462827,
      "revenue_growth": 5.328852692468006,
      "earnings_growth": 5.793221723692523
    },
    {
      "date": "2025-01-29",
      "quarter": "Q1 2025",
      "revenue": 27925110261.732582,
      "earnings": 3278251287.7486286,
      "eps_actual": 4.022278138787913,
      "eps_estimate": 3.8622567820603733,
      "surprise_percent": 4.143208640886221,
      "price_on_date": 1958.7096799589294,
      "revenue_growth": 5.125331240265752,
      "earnings_growth": 7.1212506909268605
    },
    {
      "date": "2024-10-31",
      "quarter": "Q4 2024",
      "revenue": 26528854748.64595,
      "earnings": 3114338723.3611965,
      "eps_actual": 3.8211642318485164,
      "eps_estimate": 3.8854732636671643,
      "surprise_percent": -1.655114511274545,
      "price_on_date": 2143.3138176407774,
      "revenue_growth": 6.1174981217168645,
      "earnings_growth": 5.028314085649287
    },
    {
      "date": "2024-08-02",
      "quarter": "Q3 2024",
      "revenue": 25202412011.213654,
      "earnings": 2958621787.193137,
      "eps_actual": 3.630106020256091,
      "eps_estimate": 3.5439199220963156,
      "surprise_percent": 2.43194259617453,
      "price_on_date": 1881.4476071780687,
      "revenue_growth": 7.033899977677429,
      "earnings_growth": 5.71658653690359
    },
    {
      "date": "2024-05-04",
      "quarter": "Q2 2024",
      "revenue": 23942291410.652966,
      "earnings": 2810690697.8334794,
      "eps_actual": 3.4486007192432853,
      "eps_estimate": 3.2986920925871037,
      "surprise_percent": 4.544486798057315,
      "price_on_date": 1891.115964111145,
      "revenue_growth": 7.02375125154168,
      "earnings_growth": 6.1895682879527
    },
    {
      "date": "2024-02-04",
      "quarter": "Q1 2024",
      "revenue": 22745176840.12032,
      "earnings": 2670156162.941806,
      "eps_actual": 3.2761706832811215,
      "eps_estimate": 3.2675085878188965,
      "surprise_percent": 0.2650978636909114,
      "price_on_date": 1711.0739341322567,
      "revenue_growth": 5.152134454212557,
      "earnings_growth": 7.037654219040943
    },
    {
      "date": "2023-11-06",
      "quarter": "Q4 2023",
      "revenue": 21607917998.1143,
      "earnings": 2536648354.794715,
      "eps_actual": 3.1123621491170645,
      "eps_estimate": 3.078144757396991,
      "surprise_percent": 1.1116238649221073,
      "price_on_date": 1660.778222801284,
      "revenue_growth": 6.2249110136360715,
      "earnings_growth": 4.885607843042002
    }
  ],
  "metrics": {
    "revenue_trend": [
      {
        "date": "2025-07-28",
        "value": 30941950428.512558
      },
      {
        "date": "2025-04-29",
        "value": 29394852907.08693
      },
      {
        "date": "2025-01-29",
        "value": 27925110261.732582
      },
      {
        "date": "2024-10-31",
        "value": 26528854748.64595
      },
      {
        "date": "2024-08-02",
        "value": 25202412011.213654
      },
      {
        "date": "2024-05-04",
        "value": 23942291410.652966
      },
      {
        "date": "2024-02-04",
        "value": 22745176840.12032
      },
      {
        "date": "2023-11-06",
        "value": 21607917998.1143
      }
    ],
    "eps_trend": [
      {
        "date": "2025-07-28",
        "value": 4.4568178823134765
      },
      {
        "date": "2025-04-29",
        "value": 4.233976988197803
      },
      {
        "date": "2025-01-29",
        "value": 4.022278138787913
      },
      {
        "date": "2024-10-31",
        "value": 3.8211642318485164
      },
      {
        "date": "2024-08-02",
        "value": 3.630106020256091
      },
      {
        "date": "2024-05-04",
        "value": 3.4486007192432853
      },
      {
        "date": "2024-02-04",
        "value": 3.2761706832811215
      },
      {
        "date": "2023-11-06",
        "value": 3.1123621491170645
      }
    ],
    "earnings_dates": [
      "2025-07-28",
      "2025-04-29",
      "2025-01-29",
      "2024-10-31",
      "2024-08-02",
      "2024-05-04",
      "2024-02-04",
      "2023-11-06"
    ]
  },
  "analysis": {
    "avg_revenue_growth": 5.824216731886801,
    "avg_earnings_surprise": 1.9260344539568643,
    "consistency_score": 88,
    "trend_direction": "growing"
  }
}