{
  "ticker": "BKR",
  "quarters": [
    {
      "date": "2025-07-28",
      "quarter": "Q3 2025",
      "revenue": 65869484.056058906,
      "earnings": 2522125.7240774333,
      "eps_actual": 0.0008588418121572697,
      "eps_estimate": 0.0008314028428134723,
      "surprise_percent": 3.300321809213897,
      "price_on_date": 0.6345371618248359,
      "revenue_growth": 12.425799934118404,
      "earnings_growth": 12.353837522838134
    },
    {
      "date": "2025-04-29",
      "quarter": "Q2 2025",
      "revenue": 62576009.85325596,
      "earnings": 2396019.4378735614,
      "eps_actual": 0.0008158997215494061,
      "eps_estimate": 0.0008296974702709069,
      "surprise_percent": -1.6629855116944776,
      "price_on_date": 0.599168343226096,
      "revenue_growth": 11.253516892201233,
      "earnings_growth": 16.856001535645348
    },
    {
      "date": "2025-01-29",
      "quarter": "Q1 2025",
      "revenue": 59447209.36059316,
      "earnings": 2276218.4659798834,
      "eps_actual": 0.0007751047354719358,
      "eps_estimate": 0.0007493627706756695,
      "surprise_percent": 3.4351806366168782,
      "price_on_date": 0.6132422003952751,
      "revenue_growth": 15.122445398069456,
      "earnings_growth": 9.967566269567142
    },
    {
      "date": "2024-10-31",
      "quarter": "Q4 2024",
      "revenue": 56474848.8925635,
      "earnings": 2162407.542680889,
      "eps_actual": 0.0007363494986983389,
      "eps_estimate": 0.0007394104052918984,
      "surprise_percent": -0.4139658532870023,
      "price_on_date": 0.5426312452672661,
      "revenue_growth": 12.08570854145881,
      "earnings_growth": 13.693054107996444
    },
    {
      "date": "2024-08-02",
      "quarter": "Q3 2024",
      "revenue": 53651106.44793532,
      "earnings": 2054287.1655468445,
      "eps_actual": 0.000699532023763422,
      "eps_estimate": 0.0006903474095236205,
      "surprise_percent": 1.330433650231175,
      "price_on_date": 0.4850515453985203,
      "revenue_growth": 12.627693826201487,
      "earnings_growth": 17.37893513835669
    },
    {
      "date": "2024-05-04",
      "quarter": "Q2 2024",
      "revenue": 50968551.12553855,
      "earnings": 1951572.807269502,
      "eps_actual": 0.0006645554225752508,
      "eps_estimate": 0.0006502746378213712,
      "surprise_percent": 2.1961159060000868,
      "price_on_date": 0.516375264071135,
      "revenue_growth": 15.92694194264538,
      "earnings_growth": 11.769745894426967
    },
    {
      "date": "2024-02-04",
      "quarter": "Q1 2024",
      "revenue": 48420123.56926162,
      "earnings": 1853994.1669060267,
      "eps_actual": 0.0006313276514464882,
      "eps_estimate": 0.0006266703359729636,
      "surprise_percent": 0.7431842878430974,
      "price_on_date": 0.4208628704115595,
      "revenue_growth": 13.397581929386568,
      "earnings_growth": 16.425744792427615
    },
    {
      "date": "2023-11-06",
      "quarter": "Q4 2023",
      "revenue": 45999117.39079853,
      "earnings": 1761294.4585607252,
      "eps_actual": 0.0005997612688741637,
      "eps_estimate": 0.0005731083911370462,
      "surprise_percent": 4.650582359165647,
      "price_on_date": 0.442620068496881,
      "revenue_growth": 11.115147828247837,
      "earnings_growth": 16.375784969076125
    }
  ],
  "metrics": {
    "revenue_trend": [
      {
        "date": "2025-07-28",
        "value": 65869484.056058906
      },
      {
        "date": "2025-04-29",
        "value": 62576009.85325596
      },
      {
        "date": "2025-01-29",
        "value": 59447209.36059316
      },
      {
        "date": "2024-10-31",
        "value": 56474848.8925635
      },
      {
        "date": "2024-08-02",
        "value": 53651106.44793532
      },
      {
        "date": "2024-05-04",
        "value": 50968551.12553855
      },
      {
        "date": "2024-02-04",
        "value": 48420123.56926162
      },
      {
        "date": "2023-11-06",
        "value": 45999117.39079853
      }
    ],
    "eps_trend": [
      {
        "date": "2025-07-28",
        "value": 0.0008588418121572697
      },
      {
        "date": "2025-04-29",
        "value": 0.0008158997215494061
      },
      {
        "date": "2025-01-29",
        "value": 0.0007751047354719358
      },
      {
        "date": "2024-10-31",
        "value": 0.0007363494986983389
      },
      {
        "date": "2024-08-02",
        "value": 0.000699532023763422
      },
      {
        "date": "2024-05-04",
        "value": 0.0006645554225752508
      },
      {
        "date": "2024-02-04",
        "value": 0.0006313276514464882
      },
      {
        "date": "2023-11-06",
        "value": 0.0005997612688741637
      }
    ],
    "earnings_dates": [
      "2025-07-28",
      "2025-04-29",
      "2025-01-29",
      "2024-10-31",
      "2024-08-02",
      "2024-05-04",
      "2024-02-04",
      "2023-11-06"
    ]
  },
  "analysis": {
    "avg_revenue_growth": 12.721867691461977,
    "avg_earnings_surprise": 1.1646377702123238,
    "consistency_score": 92,
    "trend_direction": "growing"
  }
}