{
  "ticker": "BLDR",
  "quarters": [
    {
      "date": "2025-07-28",
      "quarter": "Q3 2025",
      "revenue": 74873120.36894624,
      "earnings": 2072779.3767919103,
      "eps_actual": 0.0015129133654057686,
      "eps_estimate": 0.0015314393488821436,
      "surprise_percent": -1.2097105569278823,
      "price_on_date": 0.25945005258573856,
      "revenue_growth": -15.54027748181564,
      "earnings_growth": -17.883322475379952
    },
    {
      "date": "2025-04-29",
      "quarter": "Q2 2025",
      "revenue": 71129464.35049893,
      "earnings": 1969140.4079523147,
      "eps_actual": 0.00143726769713548,
      "eps_estimate": 0.0014637070380669548,
      "surprise_percent": -1.8063273758929153,
      "price_on_date": 0.2530120253093298,
      "revenue_growth": -13.688216148698267,
      "earnings_growth": -18.519333328898494
    },
    {
      "date": "2025-01-29",
      "quarter": "Q1 2025",
      "revenue": 67572991.13297398,
      "earnings": 1870683.387554699,
      "eps_actual": 0.0013654043122787063,
      "eps_estimate": 0.0013395310093921961,
      "surprise_percent": 1.9315195172861308,
      "price_on_date": 0.22499882373357938,
      "revenue_growth": -18.075726823918618,
      "earnings_growth": -14.019568285060716
    },
    {
      "date": "2024-10-31",
      "quarter": "Q4 2024",
      "revenue": 64194341.576325275,
      "earnings": 1777149.218176964,
      "eps_actual": 0.0012971340966647707,
      "eps_estimate": 0.0012374232572129888,
      "surprise_percent": 4.825417584785566,
      "price_on_date": 0.238079676375315,
      "revenue_growth": -16.5033793858169,
      "earnings_growth": -18.741115332523716
    },
    {
      "date": "2024-08-02",
      "quarter": "Q3 2024",
      "revenue": 60984624.49750901,
      "earnings": 1688291.7572681156,
      "eps_actual": 0.0012322773918315322,
      "eps_estimate": 0.0012422705309085354,
      "surprise_percent": -0.8044253508690015,
      "price_on_date": 0.19801170524795952,
      "revenue_growth": -17.117713607701752,
      "earnings_growth": -13.39439750588826
    },
    {
      "date": "2024-05-04",
      "quarter": "Q2 2024",
      "revenue": 57935393.27263355,
      "earnings": 1603877.1694047097,
      "eps_actual": 0.0011706635222399554,
      "eps_estimate": 0.001184242061622141,
      "surprise_percent": -1.1466016807058943,
      "price_on_date": 0.21808700467294173,
      "revenue_growth": -17.269437248246838,
      "earnings_growth": -20.072645387921376
    },
    {
      "date": "2024-02-04",
      "quarter": "Q1 2024",
      "revenue": 55038623.609001875,
      "earnings": 1523683.3109344742,
      "eps_actual": 0.0011121303461279577,
      "eps_estimate": 0.001108152991598612,
      "surprise_percent": 0.35891745629887384,
      "price_on_date": 0.18443612153491046,
      "revenue_growth": -14.03682230586899,
      "earnings_growth": -18.97261027763168
    },
    {
      "date": "2023-11-06",
      "quarter": "Q4 2023",
      "revenue": 52286692.42855177,
      "earnings": 1447499.1453877501,
      "eps_actual": 0.0010565238288215595,
      "eps_estimate": 0.0010149751057816768,
      "surprise_percent": 4.093570650472675,
      "price_on_date": 0.18770825217820206,
      "revenue_growth": -16.417009587862143,
      "earnings_growth": -13.761132322424796
    }
  ],
  "metrics": {
    "revenue_trend": [
      {
        "date": "2025-07-28",
        "value": 74873120.36894624
      },
      {
        "date": "2025-04-29",
        "value": 71129464.35049893
      },
      {
        "date": "2025-01-29",
        "value": 67572991.13297398
      },
      {
        "date": "2024-10-31",
        "value": 64194341.576325275
      },
      {
        "date": "2024-08-02",
        "value": 60984624.49750901
      },
      {
        "date": "2024-05-04",
        "value": 57935393.27263355
      },
      {
        "date": "2024-02-04",
        "value": 55038623.609001875
      },
      {
        "date": "2023-11-06",
        "value": 52286692.42855177
      }
    ],
    "eps_trend": [
      {
        "date": "2025-07-28",
        "value": 0.0015129133654057686
      },
      {
        "date": "2025-04-29",
        "value": 0.00143726769713548
      },
      {
        "date": "2025-01-29",
        "value": 0.0013654043122787063
      },
      {
        "date": "2024-10-31",
        "value": 0.0012971340966647707
      },
      {
        "date": "2024-08-02",
        "value": 0.0012322773918315322
      },
      {
        "date": "2024-05-04",
        "value": 0.0011706635222399554
      },
      {
        "date": "2024-02-04",
        "value": 0.0011121303461279577
      },
      {
        "date": "2023-11-06",
        "value": 0.0010565238288215595
      }
    ],
    "earnings_dates": [
      "2025-07-28",
      "2025-04-29",
      "2025-01-29",
      "2024-10-31",
      "2024-08-02",
      "2024-05-04",
      "2024-02-04",
      "2023-11-06"
    ]
  },
  "analysis": {
    "avg_revenue_growth": -15.951899960062356,
    "avg_earnings_surprise": 0.9352247923127248,
    "consistency_score": 94,
    "trend_direction": "declining"
  }
}