{
  "ticker": "BLK",
  "quarters": [
    {
      "date": "2025-07-28",
      "quarter": "Q3 2025",
      "revenue": 168120782.38286537,
      "earnings": 14864088.5911913,
      "eps_actual": 0.005049110483636231,
      "eps_estimate": 0.004797134496281064,
      "surprise_percent": 5.252635454572082,
      "price_on_date": 25.47160088804256,
      "revenue_growth": -5.9794665216940555,
      "earnings_growth": -4.088428943540202
    },
    {
      "date": "2025-04-29",
      "quarter": "Q2 2025",
      "revenue": 159714743.2637221,
      "earnings": 14120884.161631733,
      "eps_actual": 0.004796654959454419,
      "eps_estimate": 0.004658518743945263,
      "surprise_percent": 2.9652390191344127,
      "price_on_date": 24.823271972670593,
      "revenue_growth": -6.021212453127301,
      "earnings_growth": -4.4394775331205265
    },
    {
      "date": "2025-01-29",
      "quarter": "Q1 2025",
      "revenue": 151729006.100536,
      "earnings": 13414839.953550147,
      "eps_actual": 0.004556822211481698,
      "eps_estimate": 0.004449764655946123,
      "surprise_percent": 2.405915004797302,
      "price_on_date": 21.583051996232655,
      "revenue_growth": -6.504306615349476,
      "earnings_growth": -5.002529960995593
    },
    {
      "date": "2024-10-31",
      "quarter": "Q4 2024",
      "revenue": 144142555.7955092,
      "earnings": 12744097.95587264,
      "eps_actual": 0.004328981100907613,
      "eps_estimate": 0.004316047012178826,
      "surprise_percent": 0.299674417175961,
      "price_on_date": 21.097504393290773,
      "revenue_growth": -4.721997681457161,
      "earnings_growth": -4.622582574648256
    },
    {
      "date": "2024-08-02",
      "quarter": "Q3 2024",
      "revenue": 136935428.00573373,
      "earnings": 12106893.058079008,
      "eps_actual": 0.004112532045862233,
      "eps_estimate": 0.004063182426196444,
      "surprise_percent": 1.2145558453791903,
      "price_on_date": 21.54014853440557,
      "revenue_growth": -6.0323859953990455,
      "earnings_growth": -4.235089797218731
    },
    {
      "date": "2024-05-04",
      "quarter": "Q2 2024",
      "revenue": 130088656.60544701,
      "earnings": 11501548.405175054,
      "eps_actual": 0.00390690544356912,
      "eps_estimate": 0.0037700691907205687,
      "surprise_percent": 3.629542215971856,
      "price_on_date": 18.434535267818998,
      "revenue_growth": -6.391677617701808,
      "earnings_growth": -4.6389556160607
    },
    {
      "date": "2024-02-04",
      "quarter": "Q1 2024",
      "revenue": 123584223.77517466,
      "earnings": 10926470.984916301,
      "eps_actual": 0.003711560171390664,
      "eps_estimate": 0.0036592961003939876,
      "surprise_percent": 1.4282547671135182,
      "price_on_date": 18.67114973871243,
      "revenue_growth": -5.358555030511859,
      "earnings_growth": -3.8713935952114467
    },
    {
      "date": "2023-11-06",
      "quarter": "Q4 2023",
      "revenue": 117405012.58641592,
      "earnings": 10380147.435670486,
      "eps_actual": 0.0035259821628211303,
      "eps_estimate": 0.003397439480092947,
      "surprise_percent": 3.783516482968123,
      "price_on_date": 19.354606895996,
      "revenue_growth": -6.6102193677787495,
      "earnings_growth": -4.569973866025743
    }
  ],
  "metrics": {
    "revenue_trend": [
      {
        "date": "2025-07-28",
        "value": 168120782.38286537
      },
      {
        "date": "2025-04-29",
        "value": 159714743.2637221
      },
      {
        "date": "2025-01-29",
        "value": 151729006.100536
      },
      {
        "date": "2024-10-31",
        "value": 144142555.7955092
      },
      {
        "date": "2024-08-02",
        "value": 136935428.00573373
      },
      {
        "date": "2024-05-04",
        "value": 130088656.60544701
      },
      {
        "date": "2024-02-04",
        "value": 123584223.77517466
      },
      {
        "date": "2023-11-06",
        "value": 117405012.58641592
      }
    ],
    "eps_trend": [
      {
        "date": "2025-07-28",
        "value": 0.005049110483636231
      },
      {
        "date": "2025-04-29",
        "value": 0.004796654959454419
      },
      {
        "date": "2025-01-29",
        "value": 0.004556822211481698
      },
      {
        "date": "2024-10-31",
        "value": 0.004328981100907613
      },
      {
        "date": "2024-08-02",
        "value": 0.004112532045862233
      },
      {
        "date": "2024-05-04",
        "value": 0.00390690544356912
      },
      {
        "date": "2024-02-04",
        "value": 0.003711560171390664
      },
      {
        "date": "2023-11-06",
        "value": 0.0035259821628211303
      }
    ],
    "earnings_dates": [
      "2025-07-28",
      "2025-04-29",
      "2025-01-29",
      "2024-10-31",
      "2024-08-02",
      "2024-05-04",
      "2024-02-04",
      "2023-11-06"
    ]
  },
  "analysis": {
    "avg_revenue_growth": -5.806745817906998,
    "avg_earnings_surprise": 2.7308659739199395,
    "consistency_score": 74,
    "trend_direction": "declining"
  }
}