{
  "ticker": "BMY",
  "quarters": [
    {
      "date": "2025-07-28",
      "quarter": "Q3 2025",
      "revenue": 960933762.3773719,
      "earnings": 163240971.2947792,
      "eps_actual": 0.04869964331954223,
      "eps_estimate": 0.04916926264658829,
      "surprise_percent": -0.9551075240267954,
      "price_on_date": 20.48858896589337,
      "revenue_growth": 27.002138899997274,
      "earnings_growth": 31.92919714372109
    },
    {
      "date": "2025-04-29",
      "quarter": "Q2 2025",
      "revenue": 912887074.2585033,
      "earnings": 155078922.73004025,
      "eps_actual": 0.04626466115356511,
      "eps_estimate": 0.04650210800437025,
      "surprise_percent": -0.5106152408893416,
      "price_on_date": 19.51978243125868,
      "revenue_growth": 30.97763859725358,
      "earnings_growth": 42.46761249190999
    },
    {
      "date": "2025-01-29",
      "quarter": "Q1 2025",
      "revenue": 867242720.5455781,
      "earnings": 147324976.59353825,
      "eps_actual": 0.04395142809588686,
      "eps_estimate": 0.043147221364410265,
      "surprise_percent": 1.8638667938416575,
      "price_on_date": 21.209187102546437,
      "revenue_growth": 37.691939480569076,
      "earnings_growth": 35.182784751527066
    },
    {
      "date": "2024-10-31",
      "quarter": "Q4 2024",
      "revenue": 823880584.5182991,
      "earnings": 139958727.7638613,
      "eps_actual": 0.04175385669109251,
      "eps_estimate": 0.04052425978810435,
      "surprise_percent": 3.0342242138845843,
      "price_on_date": 19.945436573128564,
      "revenue_growth": 32.3634818677308,
      "earnings_growth": 24.35099560894106
    },
    {
      "date": "2024-08-02",
      "quarter": "Q3 2024",
      "revenue": 782686555.2923841,
      "earnings": 132960791.37566824,
      "eps_actual": 0.03966616385653789,
      "eps_estimate": 0.03818026126474104,
      "surprise_percent": 3.8918083391143687,
      "price_on_date": 17.66866178084105,
      "revenue_growth": 26.46895984490722,
      "earnings_growth": 36.505521892246726
    },
    {
      "date": "2024-05-04",
      "quarter": "Q2 2024",
      "revenue": 743552227.5277648,
      "earnings": 126312751.80688481,
      "eps_actual": 0.03768285566371098,
      "eps_estimate": 0.036443019661754464,
      "surprise_percent": 3.4021220345186682,
      "price_on_date": 16.363374336188453,
      "revenue_growth": 39.00913608140083,
      "earnings_growth": 28.67917652298662
    },
    {
      "date": "2024-02-04",
      "quarter": "Q1 2024",
      "revenue": 706374616.1513766,
      "earnings": 119997114.21654058,
      "eps_actual": 0.035798712880525434,
      "eps_estimate": 0.034370314786838406,
      "surprise_percent": 4.1559063469328805,
      "price_on_date": 17.07532948311041,
      "revenue_growth": 31.055913359567544,
      "earnings_growth": 37.82586795518227
    },
    {
      "date": "2023-11-06",
      "quarter": "Q4 2023",
      "revenue": 671055885.3438077,
      "earnings": 113997258.50571354,
      "eps_actual": 0.034008777236499164,
      "eps_estimate": 0.03455873813654322,
      "surprise_percent": -1.591380153613056,
      "price_on_date": 15.686296230192802,
      "revenue_growth": 28.623228454032308,
      "earnings_growth": 38.84209517705807
    }
  ],
  "metrics": {
    "revenue_trend": [
      {
        "date": "2025-07-28",
        "value": 960933762.3773719
      },
      {
        "date": "2025-04-29",
        "value": 912887074.2585033
      },
      {
        "date": "2025-01-29",
        "value": 867242720.5455781
      },
      {
        "date": "2024-10-31",
        "value": 823880584.5182991
      },
      {
        "date": "2024-08-02",
        "value": 782686555.2923841
      },
      {
        "date": "2024-05-04",
        "value": 743552227.5277648
      },
      {
        "date": "2024-02-04",
        "value": 706374616.1513766
      },
      {
        "date": "2023-11-06",
        "value": 671055885.3438077
      }
    ],
    "eps_trend": [
      {
        "date": "2025-07-28",
        "value": 0.04869964331954223
      },
      {
        "date": "2025-04-29",
        "value": 0.04626466115356511
      },
      {
        "date": "2025-01-29",
        "value": 0.04395142809588686
      },
      {
        "date": "2024-10-31",
        "value": 0.04175385669109251
      },
      {
        "date": "2024-08-02",
        "value": 0.03966616385653789
      },
      {
        "date": "2024-05-04",
        "value": 0.03768285566371098
      },
      {
        "date": "2024-02-04",
        "value": 0.035798712880525434
      },
      {
        "date": "2023-11-06",
        "value": 0.034008777236499164
      }
    ],
    "earnings_dates": [
      "2025-07-28",
      "2025-04-29",
      "2025-01-29",
      "2024-10-31",
      "2024-08-02",
      "2024-05-04",
      "2024-02-04",
      "2023-11-06"
    ]
  },
  "analysis": {
    "avg_revenue_growth": 32.00879971138768,
    "avg_earnings_surprise": 0.8580920607025262,
    "consistency_score": 73,
    "trend_direction": "growing"
  }
}