{
  "ticker": "BNTX",
  "quarters": [
    {
      "date": "2025-07-28",
      "quarter": "Q3 2025",
      "revenue": 477644189.205342,
      "earnings": 68496509.05217302,
      "eps_actual": 0.06517233567114385,
      "eps_estimate": 0.06208218347847327,
      "surprise_percent": 4.977518539988331,
      "price_on_date": 70.41462455369341,
      "revenue_growth": -5.418922735811876,
      "earnings_growth": -4.217601425427953
    },
    {
      "date": "2025-04-29",
      "quarter": "Q2 2025",
      "revenue": 453761979.74507487,
      "earnings": 65071683.599564366,
      "eps_actual": 0.061913718887586656,
      "eps_estimate": 0.06048431074460261,
      "surprise_percent": 2.3632709464439143,
      "price_on_date": 66.21313046380756,
      "revenue_growth": -5.207242470645294,
      "earnings_growth": -5.136143186777729
    },
    {
      "date": "2025-01-29",
      "quarter": "Q1 2025",
      "revenue": 431073880.75782114,
      "earnings": 61818099.41958615,
      "eps_actual": 0.058818032943207324,
      "eps_estimate": 0.05691785859560837,
      "surprise_percent": 3.338450170972466,
      "price_on_date": 56.61729967922803,
      "revenue_growth": -5.316550643458424,
      "earnings_growth": -5.230460311675633
    },
    {
      "date": "2024-10-31",
      "quarter": "Q4 2024",
      "revenue": 409520186.71993005,
      "earnings": 58727194.44860684,
      "eps_actual": 0.055877131296046954,
      "eps_estimate": 0.05477141628631453,
      "surprise_percent": 2.018781117421466,
      "price_on_date": 53.64699123642415,
      "revenue_growth": -4.891723455391648,
      "earnings_growth": -4.233428707004846
    },
    {
      "date": "2024-08-02",
      "quarter": "Q3 2024",
      "revenue": 389044177.38393354,
      "earnings": 55790834.72617649,
      "eps_actual": 0.0530832747312446,
      "eps_estimate": 0.05384112237562395,
      "surprise_percent": -1.4075628644815468,
      "price_on_date": 54.911905453524355,
      "revenue_growth": -4.770348507321469,
      "earnings_growth": -5.175266212383675
    },
    {
      "date": "2024-05-04",
      "quarter": "Q2 2024",
      "revenue": 369591968.5147368,
      "earnings": 53001292.98986766,
      "eps_actual": 0.05042911099468236,
      "eps_estimate": 0.04837673116737852,
      "surprise_percent": 4.2424938142323425,
      "price_on_date": 49.64506506522477,
      "revenue_growth": -5.146658428182472,
      "earnings_growth": -4.606852889716025
    },
    {
      "date": "2024-02-04",
      "quarter": "Q1 2024",
      "revenue": 351112370.089,
      "earnings": 50351228.34037428,
      "eps_actual": 0.04790765544494825,
      "eps_estimate": 0.046267896687378865,
      "surprise_percent": 3.5440529502537057,
      "price_on_date": 51.191104575046346,
      "revenue_growth": -4.6631910413036595,
      "earnings_growth": -6.475441507877366
    },
    {
      "date": "2023-11-06",
      "quarter": "Q4 2023",
      "revenue": 333556751.5845499,
      "earnings": 47833666.92335556,
      "eps_actual": 0.045512272672700825,
      "eps_estimate": 0.04454615731494392,
      "surprise_percent": 2.1687961790428125,
      "price_on_date": 47.169518720236404,
      "revenue_growth": -4.958261173398327,
      "earnings_growth": -3.8095019808577697
    }
  ],
  "metrics": {
    "revenue_trend": [
      {
        "date": "2025-07-28",
        "value": 477644189.205342
      },
      {
        "date": "2025-04-29",
        "value": 453761979.74507487
      },
      {
        "date": "2025-01-29",
        "value": 431073880.75782114
      },
      {
        "date": "2024-10-31",
        "value": 409520186.71993005
      },
      {
        "date": "2024-08-02",
        "value": 389044177.38393354
      },
      {
        "date": "2024-05-04",
        "value": 369591968.5147368
      },
      {
        "date": "2024-02-04",
        "value": 351112370.089
      },
      {
        "date": "2023-11-06",
        "value": 333556751.5845499
      }
    ],
    "eps_trend": [
      {
        "date": "2025-07-28",
        "value": 0.06517233567114385
      },
      {
        "date": "2025-04-29",
        "value": 0.061913718887586656
      },
      {
        "date": "2025-01-29",
        "value": 0.058818032943207324
      },
      {
        "date": "2024-10-31",
        "value": 0.055877131296046954
      },
      {
        "date": "2024-08-02",
        "value": 0.0530832747312446
      },
      {
        "date": "2024-05-04",
        "value": 0.05042911099468236
      },
      {
        "date": "2024-02-04",
        "value": 0.04790765544494825
      },
      {
        "date": "2023-11-06",
        "value": 0.045512272672700825
      }
    ],
    "earnings_dates": [
      "2025-07-28",
      "2025-04-29",
      "2025-01-29",
      "2024-10-31",
      "2024-08-02",
      "2024-05-04",
      "2024-02-04",
      "2023-11-06"
    ]
  },
  "analysis": {
    "avg_revenue_growth": -5.208609826326811,
    "avg_earnings_surprise": 3.174505193706544,
    "consistency_score": 95,
    "trend_direction": "declining"
  }
}