{
  "ticker": "BR",
  "quarters": [
    {
      "date": "2025-07-28",
      "quarter": "Q3 2025",
      "revenue": 25503689.36914482,
      "earnings": 8134027.366199721,
      "eps_actual": 0.0018224507437066533,
      "eps_estimate": 0.0017528426394629178,
      "surprise_percent": 3.971155349407967,
      "price_on_date": 0.09756323189038658,
      "revenue_growth": 27.685800864018958,
      "earnings_growth": 31.771327361052094
    },
    {
      "date": "2025-04-29",
      "quarter": "Q2 2025",
      "revenue": 24228504.90068758,
      "earnings": 7727325.997889735,
      "eps_actual": 0.0017313282065213207,
      "eps_estimate": 0.0017444243127496578,
      "surprise_percent": -0.7507408680686344,
      "price_on_date": 0.08429854530923075,
      "revenue_growth": 19.677782361140423,
      "earnings_growth": 22.530549644619054
    },
    {
      "date": "2025-01-29",
      "quarter": "Q1 2025",
      "revenue": 23017079.655653197,
      "earnings": 7340959.697995247,
      "eps_actual": 0.0016447617961952545,
      "eps_estimate": 0.001633415326301509,
      "surprise_percent": 0.694646959107263,
      "price_on_date": 0.09076743557065171,
      "revenue_growth": 28.498847256850503,
      "earnings_growth": 19.953990028808498
    },
    {
      "date": "2024-10-31",
      "quarter": "Q4 2024",
      "revenue": 21866225.672870535,
      "earnings": 6973911.713095484,
      "eps_actual": 0.0015625237063854917,
      "eps_estimate": 0.0015682367121905652,
      "surprise_percent": -0.3642948644591665,
      "price_on_date": 0.07702592029209646,
      "revenue_growth": 20.814993557931192,
      "earnings_growth": 30.042410957798737
    },
    {
      "date": "2024-08-02",
      "quarter": "Q3 2024",
      "revenue": 20772914.38922701,
      "earnings": 6625216.127440711,
      "eps_actual": 0.001484397521066217,
      "eps_estimate": 0.0014907122146141927,
      "surprise_percent": -0.42360245566311083,
      "price_on_date": 0.07584454802428423,
      "revenue_growth": 20.666196611104574,
      "earnings_growth": 20.58961627300889
    },
    {
      "date": "2024-05-04",
      "quarter": "Q2 2024",
      "revenue": 19734268.669765655,
      "earnings": 6293955.321068673,
      "eps_actual": 0.0014101776450129058,
      "eps_estimate": 0.0014312067201374835,
      "surprise_percent": -1.4693247892629786,
      "price_on_date": 0.08092266458284113,
      "revenue_growth": 28.229412543230673,
      "earnings_growth": 25.16075554856532
    },
    {
      "date": "2024-02-04",
      "quarter": "Q1 2024",
      "revenue": 18747555.236277375,
      "earnings": 5979257.555015241,
      "eps_actual": 0.001339668762762261,
      "eps_estimate": 0.001329913306790254,
      "surprise_percent": 0.733540744513013,
      "price_on_date": 0.07708248656077593,
      "revenue_growth": 21.64011738331131,
      "earnings_growth": 24.294962937519685
    },
    {
      "date": "2023-11-06",
      "quarter": "Q4 2023",
      "revenue": 17810177.474463504,
      "earnings": 5680294.677264477,
      "eps_actual": 0.0012726853246241474,
      "eps_estimate": 0.0012126330380044295,
      "surprise_percent": 4.952222538695049,
      "price_on_date": 0.06207214083364902,
      "revenue_growth": 28.640628123820886,
      "earnings_growth": 24.7082324883873
    }
  ],
  "metrics": {
    "revenue_trend": [
      {
        "date": "2025-07-28",
        "value": 25503689.36914482
      },
      {
        "date": "2025-04-29",
        "value": 24228504.90068758
      },
      {
        "date": "2025-01-29",
        "value": 23017079.655653197
      },
      {
        "date": "2024-10-31",
        "value": 21866225.672870535
      },
      {
        "date": "2024-08-02",
        "value": 20772914.38922701
      },
      {
        "date": "2024-05-04",
        "value": 19734268.669765655
      },
      {
        "date": "2024-02-04",
        "value": 18747555.236277375
      },
      {
        "date": "2023-11-06",
        "value": 17810177.474463504
      }
    ],
    "eps_trend": [
      {
        "date": "2025-07-28",
        "value": 0.0018224507437066533
      },
      {
        "date": "2025-04-29",
        "value": 0.0017313282065213207
      },
      {
        "date": "2025-01-29",
        "value": 0.0016447617961952545
      },
      {
        "date": "2024-10-31",
        "value": 0.0015625237063854917
      },
      {
        "date": "2024-08-02",
        "value": 0.001484397521066217
      },
      {
        "date": "2024-05-04",
        "value": 0.0014101776450129058
      },
      {
        "date": "2024-02-04",
        "value": 0.001339668762762261
      },
      {
        "date": "2023-11-06",
        "value": 0.0012726853246241474
      }
    ],
    "earnings_dates": [
      "2025-07-28",
      "2025-04-29",
      "2025-01-29",
      "2024-10-31",
      "2024-08-02",
      "2024-05-04",
      "2024-02-04",
      "2023-11-06"
    ]
  },
  "analysis": {
    "avg_revenue_growth": 24.16935600998527,
    "avg_earnings_surprise": 0.8876916439968573,
    "consistency_score": 65,
    "trend_direction": "growing"
  }
}