{
  "ticker": "BRK.B",
  "quarters": [
    {
      "date": "2025-07-28",
      "quarter": "Q3 2025",
      "revenue": 122624245.0849202,
      "earnings": 7187879.480455405,
      "eps_actual": 0.0016530041538248483,
      "eps_estimate": 0.001579478290017562,
      "surprise_percent": 4.655072771305306,
      "price_on_date": 0.3229171284069477,
      "revenue_growth": -5.097532337722112,
      "earnings_growth": -3.851160511851443
    },
    {
      "date": "2025-04-29",
      "quarter": "Q2 2025",
      "revenue": 116493032.83067419,
      "earnings": 6828485.506432635,
      "eps_actual": 0.0015703539461336057,
      "eps_estimate": 0.0015420172896604201,
      "surprise_percent": 1.8376354573447,
      "price_on_date": 0.3620158165880247,
      "revenue_growth": -4.580087800717774,
      "earnings_growth": -5.148183182411458
    },
    {
      "date": "2025-01-29",
      "quarter": "Q1 2025",
      "revenue": 110668381.18914047,
      "earnings": 6487061.231111002,
      "eps_actual": 0.0014918362488269253,
      "eps_estimate": 0.0014874876599066176,
      "surprise_percent": 0.2923445375392653,
      "price_on_date": 0.3419298355208178,
      "revenue_growth": -4.722337344852965,
      "earnings_growth": -4.6454228685212335
    },
    {
      "date": "2024-10-31",
      "quarter": "Q4 2024",
      "revenue": 105134962.12968343,
      "earnings": 6162708.169555452,
      "eps_actual": 0.001417244436385579,
      "eps_estimate": 0.0014202721675540605,
      "surprise_percent": -0.21317964525741256,
      "price_on_date": 0.30105378037480185,
      "revenue_growth": -5.776597010245279,
      "earnings_growth": -3.6833755849543266
    },
    {
      "date": "2024-08-02",
      "quarter": "Q3 2024",
      "revenue": 99878214.02319926,
      "earnings": 5854572.761077679,
      "eps_actual": 0.0013463822145663,
      "eps_estimate": 0.0013537849029128211,
      "surprise_percent": -0.5468142192008082,
      "price_on_date": 0.27797731187903674,
      "revenue_growth": -4.199756964434524,
      "earnings_growth": -3.5388997880889868
    },
    {
      "date": "2024-05-04",
      "quarter": "Q2 2024",
      "revenue": 94884303.32203929,
      "earnings": 5561844.123023794,
      "eps_actual": 0.0012790631038379846,
      "eps_estimate": 0.0012931958689908066,
      "surprise_percent": -1.092855729878802,
      "price_on_date": 0.28424542787988816,
      "revenue_growth": -5.719426885752964,
      "earnings_growth": -5.752113779770774
    },
    {
      "date": "2024-02-04",
      "quarter": "Q1 2024",
      "revenue": 90140088.15593733,
      "earnings": 5283751.916872605,
      "eps_actual": 0.0012151099486460855,
      "eps_estimate": 0.001176908811910744,
      "surprise_percent": 3.2458875614433405,
      "price_on_date": 0.2717948961715105,
      "revenue_growth": -3.9811058835305086,
      "earnings_growth": -6.172683167011843
    },
    {
      "date": "2023-11-06",
      "quarter": "Q4 2023",
      "revenue": 85633083.74814045,
      "earnings": 5019564.321028974,
      "eps_actual": 0.0011543544512137812,
      "eps_estimate": 0.0011418603990259435,
      "surprise_percent": 1.09418385982171,
      "price_on_date": 0.2611431529373457,
      "revenue_growth": -4.138612225650819,
      "earnings_growth": -5.07707455513539
    }
  ],
  "metrics": {
    "revenue_trend": [
      {
        "date": "2025-07-28",
        "value": 122624245.0849202
      },
      {
        "date": "2025-04-29",
        "value": 116493032.83067419
      },
      {
        "date": "2025-01-29",
        "value": 110668381.18914047
      },
      {
        "date": "2024-10-31",
        "value": 105134962.12968343
      },
      {
        "date": "2024-08-02",
        "value": 99878214.02319926
      },
      {
        "date": "2024-05-04",
        "value": 94884303.32203929
      },
      {
        "date": "2024-02-04",
        "value": 90140088.15593733
      },
      {
        "date": "2023-11-06",
        "value": 85633083.74814045
      }
    ],
    "eps_trend": [
      {
        "date": "2025-07-28",
        "value": 0.0016530041538248483
      },
      {
        "date": "2025-04-29",
        "value": 0.0015703539461336057
      },
      {
        "date": "2025-01-29",
        "value": 0.0014918362488269253
      },
      {
        "date": "2024-10-31",
        "value": 0.001417244436385579
      },
      {
        "date": "2024-08-02",
        "value": 0.0013463822145663
      },
      {
        "date": "2024-05-04",
        "value": 0.0012790631038379846
      },
      {
        "date": "2024-02-04",
        "value": 0.0012151099486460855
      },
      {
        "date": "2023-11-06",
        "value": 0.0011543544512137812
      }
    ],
    "earnings_dates": [
      "2025-07-28",
      "2025-04-29",
      "2025-01-29",
      "2024-10-31",
      "2024-08-02",
      "2024-05-04",
      "2024-02-04",
      "2023-11-06"
    ]
  },
  "analysis": {
    "avg_revenue_growth": -5.044138623384532,
    "avg_earnings_surprise": 1.6429682802329648,
    "consistency_score": 74,
    "trend_direction": "declining"
  }
}