{
  "ticker": "BRO",
  "quarters": [
    {
      "date": "2025-07-28",
      "quarter": "Q3 2025",
      "revenue": 52593259.28380366,
      "earnings": 8852628.967680387,
      "eps_actual": 0.002474024841586095,
      "eps_estimate": 0.0023799277449112386,
      "surprise_percent": 3.9537795580582187,
      "price_on_date": 0.3190332496021062,
      "revenue_growth": -20.58011524169661,
      "earnings_growth": -17.05191246651811
    },
    {
      "date": "2025-04-29",
      "quarter": "Q2 2025",
      "revenue": 49963596.31961347,
      "earnings": 8409997.519296367,
      "eps_actual": 0.00235032359950679,
      "eps_estimate": 0.0022752187500880644,
      "surprise_percent": 3.300994658901206,
      "price_on_date": 0.28290247892246606,
      "revenue_growth": -22.633704359188304,
      "earnings_growth": -20.142511803887174
    },
    {
      "date": "2025-01-29",
      "quarter": "Q1 2025",
      "revenue": 47465416.5036328,
      "earnings": 7989497.643331548,
      "eps_actual": 0.0022328074195314507,
      "eps_estimate": 0.0022360645921318625,
      "surprise_percent": -0.14566540751429907,
      "price_on_date": 0.2860351520403312,
      "revenue_growth": -19.123842389134055,
      "earnings_growth": -18.40334095513758
    },
    {
      "date": "2024-10-31",
      "quarter": "Q4 2024",
      "revenue": 45092145.67845115,
      "earnings": 7590022.76116497,
      "eps_actual": 0.0021211670485548778,
      "eps_estimate": 0.0021117346862798373,
      "surprise_percent": 0.44666417312380685,
      "price_on_date": 0.2671716083282084,
      "revenue_growth": -20.719195214711693,
      "earnings_growth": -13.802024661722879
    },
    {
      "date": "2024-08-02",
      "quarter": "Q3 2024",
      "revenue": 42837538.3945286,
      "earnings": 7210521.623106722,
      "eps_actual": 0.002015108696127134,
      "eps_estimate": 0.0020366761424723645,
      "surprise_percent": -1.0589531587996726,
      "price_on_date": 0.265823156773379,
      "revenue_growth": -22.47955171229945,
      "earnings_growth": -14.523076236392551
    },
    {
      "date": "2024-05-04",
      "quarter": "Q2 2024",
      "revenue": 40695661.47480216,
      "earnings": 6849995.541951384,
      "eps_actual": 0.0019143532613207768,
      "eps_estimate": 0.001852900794989211,
      "surprise_percent": 3.316554588230055,
      "price_on_date": 0.2449453627782447,
      "revenue_growth": -15.829095771814501,
      "earnings_growth": -21.178462457343162
    },
    {
      "date": "2024-02-04",
      "quarter": "Q1 2024",
      "revenue": 38660878.40106206,
      "earnings": 6507495.764853816,
      "eps_actual": 0.0018186355982547382,
      "eps_estimate": 0.0017338231108138332,
      "surprise_percent": 4.8916459188904895,
      "price_on_date": 0.2200987440954272,
      "revenue_growth": -20.817278214876694,
      "earnings_growth": -15.796778193880812
    },
    {
      "date": "2023-11-06",
      "quarter": "Q4 2023",
      "revenue": 36727834.48100895,
      "earnings": 6182120.976611124,
      "eps_actual": 0.001727703818342001,
      "eps_estimate": 0.0016753860486043025,
      "surprise_percent": 3.1227292229920636,
      "price_on_date": 0.2469182259583242,
      "revenue_growth": -15.815467992898478,
      "earnings_growth": -15.02549540278053
    }
  ],
  "metrics": {
    "revenue_trend": [
      {
        "date": "2025-07-28",
        "value": 52593259.28380366
      },
      {
        "date": "2025-04-29",
        "value": 49963596.31961347
      },
      {
        "date": "2025-01-29",
        "value": 47465416.5036328
      },
      {
        "date": "2024-10-31",
        "value": 45092145.67845115
      },
      {
        "date": "2024-08-02",
        "value": 42837538.3945286
      },
      {
        "date": "2024-05-04",
        "value": 40695661.47480216
      },
      {
        "date": "2024-02-04",
        "value": 38660878.40106206
      },
      {
        "date": "2023-11-06",
        "value": 36727834.48100895
      }
    ],
    "eps_trend": [
      {
        "date": "2025-07-28",
        "value": 0.002474024841586095
      },
      {
        "date": "2025-04-29",
        "value": 0.00235032359950679
      },
      {
        "date": "2025-01-29",
        "value": 0.0022328074195314507
      },
      {
        "date": "2024-10-31",
        "value": 0.0021211670485548778
      },
      {
        "date": "2024-08-02",
        "value": 0.002015108696127134
      },
      {
        "date": "2024-05-04",
        "value": 0.0019143532613207768
      },
      {
        "date": "2024-02-04",
        "value": 0.0018186355982547382
      },
      {
        "date": "2023-11-06",
        "value": 0.001727703818342001
      }
    ],
    "earnings_dates": [
      "2025-07-28",
      "2025-04-29",
      "2025-01-29",
      "2024-10-31",
      "2024-08-02",
      "2024-05-04",
      "2024-02-04",
      "2023-11-06"
    ]
  },
  "analysis": {
    "avg_revenue_growth": -20.764214301182665,
    "avg_earnings_surprise": 1.888943245642233,
    "consistency_score": 60,
    "trend_direction": "declining"
  }
}