{
  "ticker": "BSX",
  "quarters": [
    {
      "date": "2025-07-28",
      "quarter": "Q3 2025",
      "revenue": 52274682.24415696,
      "earnings": 3153722.9557002033,
      "eps_actual": 0.00312254338956774,
      "eps_estimate": 0.00298781272754157,
      "surprise_percent": 4.509340923017923,
      "price_on_date": 0.9793694978976091,
      "revenue_growth": -0.9229830766917504,
      "earnings_growth": -0.8852187613250628
    },
    {
      "date": "2025-04-29",
      "quarter": "Q2 2025",
      "revenue": 49660948.131949104,
      "earnings": 2996036.807915193,
      "eps_actual": 0.002966416220089353,
      "eps_estimate": 0.0028566630142779943,
      "surprise_percent": 3.842007449349013,
      "price_on_date": 0.8302730902758817,
      "revenue_growth": -0.9481619966848276,
      "earnings_growth": -0.8367707041082174
    },
    {
      "date": "2025-01-29",
      "quarter": "Q1 2025",
      "revenue": 47177900.725351654,
      "earnings": 2846234.9675194337,
      "eps_actual": 0.0028180954090848854,
      "eps_estimate": 0.0027725675980263126,
      "surprise_percent": 1.6420811918519986,
      "price_on_date": 0.8710603425216481,
      "revenue_growth": -1.1752456053640599,
      "earnings_growth": -1.0304908572298281
    },
    {
      "date": "2024-10-31",
      "quarter": "Q4 2024",
      "revenue": 44819005.68908407,
      "earnings": 2703923.219143462,
      "eps_actual": 0.0026771906386306413,
      "eps_estimate": 0.0025559815491522147,
      "surprise_percent": 4.7421738830090545,
      "price_on_date": 0.824707320102975,
      "revenue_growth": -1.1305519268525621,
      "earnings_growth": -0.7838564550396137
    },
    {
      "date": "2024-08-02",
      "quarter": "Q3 2024",
      "revenue": 42578055.404629864,
      "earnings": 2568727.0581862885,
      "eps_actual": 0.0025433311066991086,
      "eps_estimate": 0.0024522888615442356,
      "surprise_percent": 3.712541641507213,
      "price_on_date": 0.720276644028761,
      "revenue_growth": -1.2192861368613301,
      "earnings_growth": -1.0328259744379604
    },
    {
      "date": "2024-05-04",
      "quarter": "Q2 2024",
      "revenue": 40449152.63439836,
      "earnings": 2440290.7052769735,
      "eps_actual": 0.002416164551364153,
      "eps_estimate": 0.0024614639267335984,
      "surprise_percent": -1.8403428495317633,
      "price_on_date": 0.7147203243317619,
      "revenue_growth": -0.8498832760551375,
      "earnings_growth": -1.0284572823061329
    },
    {
      "date": "2024-02-04",
      "quarter": "Q1 2024",
      "revenue": 38426695.00267845,
      "earnings": 2318276.170013125,
      "eps_actual": 0.0022953563237959455,
      "eps_estimate": 0.0022056981634514337,
      "surprise_percent": 4.064842680206818,
      "price_on_date": 0.6861201571173922,
      "revenue_growth": -1.15926331843798,
      "earnings_growth": -0.8562564785957808
    },
    {
      "date": "2023-11-06",
      "quarter": "Q4 2023",
      "revenue": 36505360.252544515,
      "earnings": 2202362.361512468,
      "eps_actual": 0.0021805885076061475,
      "eps_estimate": 0.0021709174268723977,
      "surprise_percent": 0.44548358284094947,
      "price_on_date": 0.6491207418705511,
      "revenue_growth": -1.147227194226776,
      "earnings_growth": -1.051738178443747
    }
  ],
  "metrics": {
    "revenue_trend": [
      {
        "date": "2025-07-28",
        "value": 52274682.24415696
      },
      {
        "date": "2025-04-29",
        "value": 49660948.131949104
      },
      {
        "date": "2025-01-29",
        "value": 47177900.725351654
      },
      {
        "date": "2024-10-31",
        "value": 44819005.68908407
      },
      {
        "date": "2024-08-02",
        "value": 42578055.404629864
      },
      {
        "date": "2024-05-04",
        "value": 40449152.63439836
      },
      {
        "date": "2024-02-04",
        "value": 38426695.00267845
      },
      {
        "date": "2023-11-06",
        "value": 36505360.252544515
      }
    ],
    "eps_trend": [
      {
        "date": "2025-07-28",
        "value": 0.00312254338956774
      },
      {
        "date": "2025-04-29",
        "value": 0.002966416220089353
      },
      {
        "date": "2025-01-29",
        "value": 0.0028180954090848854
      },
      {
        "date": "2024-10-31",
        "value": 0.0026771906386306413
      },
      {
        "date": "2024-08-02",
        "value": 0.0025433311066991086
      },
      {
        "date": "2024-05-04",
        "value": 0.002416164551364153
      },
      {
        "date": "2024-02-04",
        "value": 0.0022953563237959455
      },
      {
        "date": "2023-11-06",
        "value": 0.0021805885076061475
      }
    ],
    "earnings_dates": [
      "2025-07-28",
      "2025-04-29",
      "2025-01-29",
      "2024-10-31",
      "2024-08-02",
      "2024-05-04",
      "2024-02-04",
      "2023-11-06"
    ]
  },
  "analysis": {
    "avg_revenue_growth": -1.0442356513983,
    "avg_earnings_surprise": 3.683900861806997,
    "consistency_score": 72,
    "trend_direction": "stable"
  }
}