{
  "ticker": "BX",
  "quarters": [
    {
      "date": "2025-07-28",
      "quarter": "Q3 2025",
      "revenue": 105532655.01923014,
      "earnings": 5643845.072943818,
      "eps_actual": 0.0014820381580571875,
      "eps_estimate": 0.0014880908091751553,
      "surprise_percent": -0.4067393656790857,
      "price_on_date": 0.4435574416363386,
      "revenue_growth": 29.995861598830107,
      "earnings_growth": 42.74791641675024
    },
    {
      "date": "2025-04-29",
      "quarter": "Q2 2025",
      "revenue": 100256022.26826863,
      "earnings": 5361652.819296626,
      "eps_actual": 0.001407936250154328,
      "eps_estimate": 0.0014121584871890414,
      "surprise_percent": -0.2989917260008054,
      "price_on_date": 0.4939608749233965,
      "revenue_growth": 35.346462061790184,
      "earnings_growth": 41.14924211301978
    },
    {
      "date": "2025-01-29",
      "quarter": "Q1 2025",
      "revenue": 95243221.1548552,
      "earnings": 5093570.178331796,
      "eps_actual": 0.0013375394376466119,
      "eps_estimate": 0.0013217195866082998,
      "surprise_percent": 1.1969143227201364,
      "price_on_date": 0.42335378812634267,
      "revenue_growth": 37.65144873247597,
      "earnings_growth": 39.751527009392504
    },
    {
      "date": "2024-10-31",
      "quarter": "Q4 2024",
      "revenue": 90481060.09711243,
      "earnings": 4838891.669415206,
      "eps_actual": 0.0012706624657642812,
      "eps_estimate": 0.001267991106922724,
      "surprise_percent": 0.21067646507713736,
      "price_on_date": 0.4461775792992138,
      "revenue_growth": 33.28816089365474,
      "earnings_growth": 36.969442649510555
    },
    {
      "date": "2024-08-02",
      "quarter": "Q3 2024",
      "revenue": 85957007.09225681,
      "earnings": 4596947.085944445,
      "eps_actual": 0.001207129342476067,
      "eps_estimate": 0.0012294492802044665,
      "surprise_percent": -1.815441928982019,
      "price_on_date": 0.367406379200051,
      "revenue_growth": 35.07633050023964,
      "earnings_growth": 34.591157030427375
    },
    {
      "date": "2024-05-04",
      "quarter": "Q2 2024",
      "revenue": 81659156.73764396,
      "earnings": 4367099.731647222,
      "eps_actual": 0.0011467728753522634,
      "eps_estimate": 0.0011640344998621772,
      "surprise_percent": -1.4829134799662378,
      "price_on_date": 0.3585987834944557,
      "revenue_growth": 30.087265198659182,
      "earnings_growth": 37.618227869801636
    },
    {
      "date": "2024-02-04",
      "quarter": "Q1 2024",
      "revenue": 77576198.90076175,
      "earnings": 4148744.7450648607,
      "eps_actual": 0.0010894342315846501,
      "eps_estimate": 0.0010832940047699048,
      "surprise_percent": 0.5668107446094046,
      "price_on_date": 0.35669884532877016,
      "revenue_growth": 29.35509736672407,
      "earnings_growth": 40.10886394564559
    },
    {
      "date": "2023-11-06",
      "quarter": "Q4 2023",
      "revenue": 73697388.95572366,
      "earnings": 3941307.507811617,
      "eps_actual": 0.0010349625200054176,
      "eps_estimate": 0.0010252912425602924,
      "surprise_percent": 0.9432712427129184,
      "price_on_date": 0.34088806148257444,
      "revenue_growth": 36.28654401022134,
      "earnings_growth": 35.56198948471076
    }
  ],
  "metrics": {
    "revenue_trend": [
      {
        "date": "2025-07-28",
        "value": 105532655.01923014
      },
      {
        "date": "2025-04-29",
        "value": 100256022.26826863
      },
      {
        "date": "2025-01-29",
        "value": 95243221.1548552
      },
      {
        "date": "2024-10-31",
        "value": 90481060.09711243
      },
      {
        "date": "2024-08-02",
        "value": 85957007.09225681
      },
      {
        "date": "2024-05-04",
        "value": 81659156.73764396
      },
      {
        "date": "2024-02-04",
        "value": 77576198.90076175
      },
      {
        "date": "2023-11-06",
        "value": 73697388.95572366
      }
    ],
    "eps_trend": [
      {
        "date": "2025-07-28",
        "value": 0.0014820381580571875
      },
      {
        "date": "2025-04-29",
        "value": 0.001407936250154328
      },
      {
        "date": "2025-01-29",
        "value": 0.0013375394376466119
      },
      {
        "date": "2024-10-31",
        "value": 0.0012706624657642812
      },
      {
        "date": "2024-08-02",
        "value": 0.001207129342476067
      },
      {
        "date": "2024-05-04",
        "value": 0.0011467728753522634
      },
      {
        "date": "2024-02-04",
        "value": 0.0010894342315846501
      },
      {
        "date": "2023-11-06",
        "value": 0.0010349625200054176
      }
    ],
    "earnings_dates": [
      "2025-07-28",
      "2025-04-29",
      "2025-01-29",
      "2024-10-31",
      "2024-08-02",
      "2024-05-04",
      "2024-02-04",
      "2023-11-06"
    ]
  },
  "analysis": {
    "avg_revenue_growth": 34.07048332168775,
    "avg_earnings_surprise": 0.17546492402934566,
    "consistency_score": 79,
    "trend_direction": "growing"
  }
}