{
  "ticker": "BXP",
  "quarters": [
    {
      "date": "2025-07-28",
      "quarter": "Q3 2025",
      "revenue": 103503355.44971482,
      "earnings": 19484444.690439034,
      "eps_actual": 0.011806785978361014,
      "eps_estimate": 0.011754676802044919,
      "surprise_percent": 0.44330590448075946,
      "price_on_date": 0.20188989870824642,
      "revenue_growth": 15.312714155234358,
      "earnings_growth": 14.033568098675843
    },
    {
      "date": "2025-04-29",
      "quarter": "Q2 2025",
      "revenue": 98328187.67722908,
      "earnings": 18510222.455917083,
      "eps_actual": 0.011216446679442963,
      "eps_estimate": 0.010705055850482198,
      "surprise_percent": 4.77709631881771,
      "price_on_date": 0.1777449075613657,
      "revenue_growth": 16.868192480581516,
      "earnings_growth": 13.140483896527165
    },
    {
      "date": "2025-01-29",
      "quarter": "Q1 2025",
      "revenue": 93411778.29336762,
      "earnings": 17584711.33312123,
      "eps_actual": 0.010655624345470816,
      "eps_estimate": 0.010447776535400462,
      "surprise_percent": 1.9893975466080984,
      "price_on_date": 0.15375464209854928,
      "revenue_growth": 17.141885819653535,
      "earnings_growth": 14.650187748263534
    },
    {
      "date": "2024-10-31",
      "quarter": "Q4 2024",
      "revenue": 88741189.37869924,
      "earnings": 16705475.766465167,
      "eps_actual": 0.010122843128197273,
      "eps_estimate": 0.009846713573041272,
      "surprise_percent": 2.8042813788348586,
      "price_on_date": 0.16750742673861335,
      "revenue_growth": 16.388416344939785,
      "earnings_growth": 15.664190964478204
    },
    {
      "date": "2024-08-02",
      "quarter": "Q3 2024",
      "revenue": 84304129.90976427,
      "earnings": 15870201.978141908,
      "eps_actual": 0.00961670097178741,
      "eps_estimate": 0.009541506342814383,
      "surprise_percent": 0.7880792222043163,
      "price_on_date": 0.1557592748087256,
      "revenue_growth": 16.14621616453388,
      "earnings_growth": 14.730799265355964
    },
    {
      "date": "2024-05-04",
      "quarter": "Q2 2024",
      "revenue": 80088923.41427605,
      "earnings": 15076691.87923481,
      "eps_actual": 0.009135865923198037,
      "eps_estimate": 0.00905307083662391,
      "surprise_percent": 0.9145525100630113,
      "price_on_date": 0.14047190548813393,
      "revenue_growth": 12.79716145583098,
      "earnings_growth": 18.309092761116524
    },
    {
      "date": "2024-02-04",
      "quarter": "Q1 2024",
      "revenue": 76084477.24356225,
      "earnings": 14322857.28527307,
      "eps_actual": 0.008679072627038136,
      "eps_estimate": 0.008613451573598144,
      "surprise_percent": 0.7618438773270987,
      "price_on_date": 0.1265544636681739,
      "revenue_growth": 14.74069980778561,
      "earnings_growth": 19.8274013541314
    },
    {
      "date": "2023-11-06",
      "quarter": "Q4 2023",
      "revenue": 72280253.38138412,
      "earnings": 13606714.421009412,
      "eps_actual": 0.008245118995686227,
      "eps_estimate": 0.008286371942084885,
      "surprise_percent": -0.497840872784649,
      "price_on_date": 0.13333209170371807,
      "revenue_growth": 14.994004908711087,
      "earnings_growth": 14.226974687293893
    }
  ],
  "metrics": {
    "revenue_trend": [
      {
        "date": "2025-07-28",
        "value": 103503355.44971482
      },
      {
        "date": "2025-04-29",
        "value": 98328187.67722908
      },
      {
        "date": "2025-01-29",
        "value": 93411778.29336762
      },
      {
        "date": "2024-10-31",
        "value": 88741189.37869924
      },
      {
        "date": "2024-08-02",
        "value": 84304129.90976427
      },
      {
        "date": "2024-05-04",
        "value": 80088923.41427605
      },
      {
        "date": "2024-02-04",
        "value": 76084477.24356225
      },
      {
        "date": "2023-11-06",
        "value": 72280253.38138412
      }
    ],
    "eps_trend": [
      {
        "date": "2025-07-28",
        "value": 0.011806785978361014
      },
      {
        "date": "2025-04-29",
        "value": 0.011216446679442963
      },
      {
        "date": "2025-01-29",
        "value": 0.010655624345470816
      },
      {
        "date": "2024-10-31",
        "value": 0.010122843128197273
      },
      {
        "date": "2024-08-02",
        "value": 0.00961670097178741
      },
      {
        "date": "2024-05-04",
        "value": 0.009135865923198037
      },
      {
        "date": "2024-02-04",
        "value": 0.008679072627038136
      },
      {
        "date": "2023-11-06",
        "value": 0.008245118995686227
      }
    ],
    "earnings_dates": [
      "2025-07-28",
      "2025-04-29",
      "2025-01-29",
      "2024-10-31",
      "2024-08-02",
      "2024-05-04",
      "2024-02-04",
      "2023-11-06"
    ]
  },
  "analysis": {
    "avg_revenue_growth": 16.4278022001023,
    "avg_earnings_surprise": 2.503520287185357,
    "consistency_score": 68,
    "trend_direction": "growing"
  }
}