{
  "ticker": "C",
  "quarters": [
    {
      "date": "2025-07-28",
      "quarter": "Q3 2025",
      "revenue": 2027651304.6861305,
      "earnings": 40409551.12972611,
      "eps_actual": 0.011055065915369014,
      "eps_estimate": 0.010896826699372954,
      "surprise_percent": 1.452158691347879,
      "price_on_date": 13.16470389240521,
      "revenue_growth": 32.88243868245113,
      "earnings_growth": 23.30876408689259
    },
    {
      "date": "2025-04-29",
      "quarter": "Q2 2025",
      "revenue": 1926268739.451824,
      "earnings": 38389073.5732398,
      "eps_actual": 0.010502312619600563,
      "eps_estimate": 0.010004015980015138,
      "surprise_percent": 4.980966049843025,
      "price_on_date": 12.965836562423217,
      "revenue_growth": 30.762602855825456,
      "earnings_growth": 23.18682662084703
    },
    {
      "date": "2025-01-29",
      "quarter": "Q1 2025",
      "revenue": 1829955302.4792328,
      "earnings": 36469619.894577816,
      "eps_actual": 0.009977196988620535,
      "eps_estimate": 0.010044457755029382,
      "surprise_percent": -0.6696306366082241,
      "price_on_date": 12.976453283359872,
      "revenue_growth": 37.45309686266421,
      "earnings_growth": 34.700837127334914
    },
    {
      "date": "2024-10-31",
      "quarter": "Q4 2024",
      "revenue": 1738457537.3552709,
      "earnings": 34646138.899848916,
      "eps_actual": 0.009478337139189507,
      "eps_estimate": 0.009148721689768121,
      "surprise_percent": 3.602857979492651,
      "price_on_date": 11.762119767427412,
      "revenue_growth": 25.888474747356298,
      "earnings_growth": 30.717778210809254
    },
    {
      "date": "2024-08-02",
      "quarter": "Q3 2024",
      "revenue": 1651534660.4875073,
      "earnings": 32913831.954856474,
      "eps_actual": 0.009004420282230032,
      "eps_estimate": 0.008932430744660323,
      "surprise_percent": 0.8059344609275954,
      "price_on_date": 10.358290428729372,
      "revenue_growth": 33.41140811567347,
      "earnings_growth": 24.05017360359994
    },
    {
      "date": "2024-05-04",
      "quarter": "Q2 2024",
      "revenue": 1568957927.4631317,
      "earnings": 31268140.35711364,
      "eps_actual": 0.008554199268118528,
      "eps_estimate": 0.008155639864832462,
      "surprise_percent": 4.886917640940404,
      "price_on_date": 10.76796530431915,
      "revenue_growth": 35.20191544886261,
      "earnings_growth": 28.818178455525675
    },
    {
      "date": "2024-02-04",
      "quarter": "Q1 2024",
      "revenue": 1490510031.089975,
      "earnings": 29704733.33925796,
      "eps_actual": 0.008126489304712601,
      "eps_estimate": 0.008100301392838688,
      "surprise_percent": 0.32329552449820964,
      "price_on_date": 9.801967829238235,
      "revenue_growth": 33.95991406867487,
      "earnings_growth": 31.003217623905766
    },
    {
      "date": "2023-11-06",
      "quarter": "Q4 2023",
      "revenue": 1415984529.5354762,
      "earnings": 28219496.67229506,
      "eps_actual": 0.007720164839476971,
      "eps_estimate": 0.007525182879184977,
      "surprise_percent": 2.5910594256961423,
      "price_on_date": 9.79223397698613,
      "revenue_growth": 33.3422803839075,
      "earnings_growth": 39.552621871012455
    }
  ],
  "metrics": {
    "revenue_trend": [
      {
        "date": "2025-07-28",
        "value": 2027651304.6861305
      },
      {
        "date": "2025-04-29",
        "value": 1926268739.451824
      },
      {
        "date": "2025-01-29",
        "value": 1829955302.4792328
      },
      {
        "date": "2024-10-31",
        "value": 1738457537.3552709
      },
      {
        "date": "2024-08-02",
        "value": 1651534660.4875073
      },
      {
        "date": "2024-05-04",
        "value": 1568957927.4631317
      },
      {
        "date": "2024-02-04",
        "value": 1490510031.089975
      },
      {
        "date": "2023-11-06",
        "value": 1415984529.5354762
      }
    ],
    "eps_trend": [
      {
        "date": "2025-07-28",
        "value": 0.011055065915369014
      },
      {
        "date": "2025-04-29",
        "value": 0.010502312619600563
      },
      {
        "date": "2025-01-29",
        "value": 0.009977196988620535
      },
      {
        "date": "2024-10-31",
        "value": 0.009478337139189507
      },
      {
        "date": "2024-08-02",
        "value": 0.009004420282230032
      },
      {
        "date": "2024-05-04",
        "value": 0.008554199268118528
      },
      {
        "date": "2024-02-04",
        "value": 0.008126489304712601
      },
      {
        "date": "2023-11-06",
        "value": 0.007720164839476971
      }
    ],
    "earnings_dates": [
      "2025-07-28",
      "2025-04-29",
      "2025-01-29",
      "2024-10-31",
      "2024-08-02",
      "2024-05-04",
      "2024-02-04",
      "2023-11-06"
    ]
  },
  "analysis": {
    "avg_revenue_growth": 31.746653287074274,
    "avg_earnings_surprise": 2.3415880210188327,
    "consistency_score": 86,
    "trend_direction": "growing"
  }
}