{
  "ticker": "CAG",
  "quarters": [
    {
      "date": "2025-07-28",
      "quarter": "Q3 2025",
      "revenue": 104172227.24871501,
      "earnings": 33473925.342894144,
      "eps_actual": 0.09796977022088121,
      "eps_estimate": 0.09615569674806604,
      "surprise_percent": 1.886600101882847,
      "price_on_date": 2.4452187808796886,
      "revenue_growth": 24.464729497603326,
      "earnings_growth": 27.70166002418027
    },
    {
      "date": "2025-04-29",
      "quarter": "Q2 2025",
      "revenue": 98963615.88627926,
      "earnings": 31800229.075749435,
      "eps_actual": 0.09307128170983714,
      "eps_estimate": 0.0900735413781269,
      "surprise_percent": 3.3281031097975693,
      "price_on_date": 2.32884675606088,
      "revenue_growth": 18.956039787241252,
      "earnings_growth": 27.897202543687037
    },
    {
      "date": "2025-01-29",
      "quarter": "Q1 2025",
      "revenue": 94015435.0919653,
      "earnings": 30210217.621961966,
      "eps_actual": 0.08841771762434529,
      "eps_estimate": 0.0878534140107408,
      "surprise_percent": 0.642324057589268,
      "price_on_date": 2.329090183345832,
      "revenue_growth": 20.124436483514568,
      "earnings_growth": 26.20428076353515
    },
    {
      "date": "2024-10-31",
      "quarter": "Q4 2024",
      "revenue": 89314663.33736703,
      "earnings": 28699706.740863863,
      "eps_actual": 0.08399683174312801,
      "eps_estimate": 0.08516771724207953,
      "surprise_percent": -1.374799673946182,
      "price_on_date": 2.140889508993303,
      "revenue_growth": 25.541978978793846,
      "earnings_growth": 26.690044474470707
    },
    {
      "date": "2024-08-02",
      "quarter": "Q3 2024",
      "revenue": 84848930.17049867,
      "earnings": 27264721.40382067,
      "eps_actual": 0.07979699015597162,
      "eps_estimate": 0.07685896221027501,
      "surprise_percent": 3.8226224518340417,
      "price_on_date": 1.8903618229057433,
      "revenue_growth": 27.27520217193125,
      "earnings_growth": 26.17269508310016
    },
    {
      "date": "2024-05-04",
      "quarter": "Q2 2024",
      "revenue": 80606483.66197373,
      "earnings": 25901485.333629634,
      "eps_actual": 0.07580714064817302,
      "eps_estimate": 0.07527789108737959,
      "surprise_percent": 0.7030610889179973,
      "price_on_date": 1.7720718730329066,
      "revenue_growth": 27.268401616432513,
      "earnings_growth": 25.675520143130317
    },
    {
      "date": "2024-02-04",
      "quarter": "Q1 2024",
      "revenue": 76576159.47887504,
      "earnings": 24606411.066948153,
      "eps_actual": 0.07201678361576437,
      "eps_estimate": 0.06993905129684931,
      "surprise_percent": 2.970775668798155,
      "price_on_date": 1.9272591944638442,
      "revenue_growth": 19.593946935117167,
      "earnings_growth": 22.827234456090103
    },
    {
      "date": "2023-11-06",
      "quarter": "Q4 2023",
      "revenue": 72747351.50493129,
      "earnings": 23376090.513600744,
      "eps_actual": 0.06841594443497616,
      "eps_estimate": 0.06794177247407542,
      "surprise_percent": 0.6979093179850046,
      "price_on_date": 1.80276828952511,
      "revenue_growth": 19.37376228205099,
      "earnings_growth": 17.042445050800776
    }
  ],
  "metrics": {
    "revenue_trend": [
      {
        "date": "2025-07-28",
        "value": 104172227.24871501
      },
      {
        "date": "2025-04-29",
        "value": 98963615.88627926
      },
      {
        "date": "2025-01-29",
        "value": 94015435.0919653
      },
      {
        "date": "2024-10-31",
        "value": 89314663.33736703
      },
      {
        "date": "2024-08-02",
        "value": 84848930.17049867
      },
      {
        "date": "2024-05-04",
        "value": 80606483.66197373
      },
      {
        "date": "2024-02-04",
        "value": 76576159.47887504
      },
      {
        "date": "2023-11-06",
        "value": 72747351.50493129
      }
    ],
    "eps_trend": [
      {
        "date": "2025-07-28",
        "value": 0.09796977022088121
      },
      {
        "date": "2025-04-29",
        "value": 0.09307128170983714
      },
      {
        "date": "2025-01-29",
        "value": 0.08841771762434529
      },
      {
        "date": "2024-10-31",
        "value": 0.08399683174312801
      },
      {
        "date": "2024-08-02",
        "value": 0.07979699015597162
      },
      {
        "date": "2024-05-04",
        "value": 0.07580714064817302
      },
      {
        "date": "2024-02-04",
        "value": 0.07201678361576437
      },
      {
        "date": "2023-11-06",
        "value": 0.06841594443497616
      }
    ],
    "earnings_dates": [
      "2025-07-28",
      "2025-04-29",
      "2025-01-29",
      "2024-10-31",
      "2024-08-02",
      "2024-05-04",
      "2024-02-04",
      "2023-11-06"
    ]
  },
  "analysis": {
    "avg_revenue_growth": 22.27179618678825,
    "avg_earnings_surprise": 1.1205568988308756,
    "consistency_score": 90,
    "trend_direction": "growing"
  }
}