{
  "ticker": "CAH",
  "quarters": [
    {
      "date": "2025-07-28",
      "quarter": "Q3 2025",
      "revenue": 121502271.67940767,
      "earnings": 32701402.70250597,
      "eps_actual": 0.008032637590366872,
      "eps_estimate": 0.008181151959630081,
      "surprise_percent": -1.8153234409537162,
      "price_on_date": 0.43144396006521635,
      "revenue_growth": 31.498695999546534,
      "earnings_growth": 21.2656860593032
    },
    {
      "date": "2025-04-29",
      "quarter": "Q2 2025",
      "revenue": 115427158.09543729,
      "earnings": 31066332.56738067,
      "eps_actual": 0.007631005710848528,
      "eps_estimate": 0.007472424814563365,
      "surprise_percent": 2.1222146789098177,
      "price_on_date": 0.4197463399506545,
      "revenue_growth": 28.329933647320708,
      "earnings_growth": 34.26110301221646
    },
    {
      "date": "2025-01-29",
      "quarter": "Q1 2025",
      "revenue": 109655800.19066542,
      "earnings": 29513015.939011637,
      "eps_actual": 0.007249455425306102,
      "eps_estimate": 0.007206463602319198,
      "surprise_percent": 0.59657309547874,
      "price_on_date": 0.37914158620310123,
      "revenue_growth": 30.79867192203743,
      "earnings_growth": 19.852074549137676
    },
    {
      "date": "2024-10-31",
      "quarter": "Q4 2024",
      "revenue": 104173010.18113214,
      "earnings": 28037365.14206105,
      "eps_actual": 0.006886982654040795,
      "eps_estimate": 0.006851328790954733,
      "surprise_percent": 0.5203934035851975,
      "price_on_date": 0.40367692889073314,
      "revenue_growth": 24.976234169287434,
      "earnings_growth": 28.64207023631825
    },
    {
      "date": "2024-08-02",
      "quarter": "Q3 2024",
      "revenue": 98964359.67207552,
      "earnings": 26635496.884958,
      "eps_actual": 0.006542633521338756,
      "eps_estimate": 0.006325932105577677,
      "surprise_percent": 3.4256045139973876,
      "price_on_date": 0.32884137642125316,
      "revenue_growth": 24.60684516122922,
      "earnings_growth": 19.817254895506633
    },
    {
      "date": "2024-05-04",
      "quarter": "Q2 2024",
      "revenue": 94016141.68847173,
      "earnings": 25303722.040710095,
      "eps_actual": 0.006215501845271817,
      "eps_estimate": 0.005934067090350273,
      "surprise_percent": 4.742695871760557,
      "price_on_date": 0.3074503486953957,
      "revenue_growth": 28.511080417691304,
      "earnings_growth": 29.61089982642699
    },
    {
      "date": "2024-02-04",
      "quarter": "Q1 2024",
      "revenue": 89315334.60404815,
      "earnings": 24038535.938674588,
      "eps_actual": 0.005904726753008226,
      "eps_estimate": 0.005996712896082267,
      "surprise_percent": -1.5339427561078793,
      "price_on_date": 0.3240517322090418,
      "revenue_growth": 25.305717881646142,
      "earnings_growth": 23.76858045498518
    },
    {
      "date": "2023-11-06",
      "quarter": "Q4 2023",
      "revenue": 84849567.87384574,
      "earnings": 22836609.14174086,
      "eps_actual": 0.005609490415357815,
      "eps_estimate": 0.00568102614862823,
      "surprise_percent": -1.2592044359395957,
      "price_on_date": 0.3142781817176135,
      "revenue_growth": 30.236386029185244,
      "earnings_growth": 32.96822196542772
    }
  ],
  "metrics": {
    "revenue_trend": [
      {
        "date": "2025-07-28",
        "value": 121502271.67940767
      },
      {
        "date": "2025-04-29",
        "value": 115427158.09543729
      },
      {
        "date": "2025-01-29",
        "value": 109655800.19066542
      },
      {
        "date": "2024-10-31",
        "value": 104173010.18113214
      },
      {
        "date": "2024-08-02",
        "value": 98964359.67207552
      },
      {
        "date": "2024-05-04",
        "value": 94016141.68847173
      },
      {
        "date": "2024-02-04",
        "value": 89315334.60404815
      },
      {
        "date": "2023-11-06",
        "value": 84849567.87384574
      }
    ],
    "eps_trend": [
      {
        "date": "2025-07-28",
        "value": 0.008032637590366872
      },
      {
        "date": "2025-04-29",
        "value": 0.007631005710848528
      },
      {
        "date": "2025-01-29",
        "value": 0.007249455425306102
      },
      {
        "date": "2024-10-31",
        "value": 0.006886982654040795
      },
      {
        "date": "2024-08-02",
        "value": 0.006542633521338756
      },
      {
        "date": "2024-05-04",
        "value": 0.006215501845271817
      },
      {
        "date": "2024-02-04",
        "value": 0.005904726753008226
      },
      {
        "date": "2023-11-06",
        "value": 0.005609490415357815
      }
    ],
    "earnings_dates": [
      "2025-07-28",
      "2025-04-29",
      "2025-01-29",
      "2024-10-31",
      "2024-08-02",
      "2024-05-04",
      "2024-02-04",
      "2023-11-06"
    ]
  },
  "analysis": {
    "avg_revenue_growth": 28.900883934548027,
    "avg_earnings_surprise": 0.3559644342550098,
    "consistency_score": 95,
    "trend_direction": "growing"
  }
}