{
  "ticker": "CARR",
  "quarters": [
    {
      "date": "2025-07-28",
      "quarter": "Q3 2025",
      "revenue": 123222238.46342568,
      "earnings": 5399063.455954763,
      "eps_actual": 0.037515023521947514,
      "eps_estimate": 0.03634948873561358,
      "surprise_percent": 3.206468170189126,
      "price_on_date": 3.4158945516342754,
      "revenue_growth": 41.51088945985052,
      "earnings_growth": 50.771459697464145
    },
    {
      "date": "2025-04-29",
      "quarter": "Q2 2025",
      "revenue": 117061126.54025438,
      "earnings": 5129110.2831570245,
      "eps_actual": 0.03563927234585014,
      "eps_estimate": 0.03448324977571985,
      "surprise_percent": 3.352417703230111,
      "price_on_date": 3.24362192336847,
      "revenue_growth": 46.77507546484508,
      "earnings_growth": 34.95887158799552
    },
    {
      "date": "2025-01-29",
      "quarter": "Q1 2025",
      "revenue": 111208070.21324167,
      "earnings": 4872654.768999173,
      "eps_actual": 0.033857308728557634,
      "eps_estimate": 0.03289172034511235,
      "surprise_percent": 2.935657889930864,
      "price_on_date": 2.9854156388081377,
      "revenue_growth": 47.920207892758185,
      "earnings_growth": 30.21956131006497
    },
    {
      "date": "2024-10-31",
      "quarter": "Q4 2024",
      "revenue": 105647666.70257957,
      "earnings": 4629022.030549214,
      "eps_actual": 0.032164443292129745,
      "eps_estimate": 0.03256487165761871,
      "surprise_percent": -1.2296328685062838,
      "price_on_date": 3.0351852856630743,
      "revenue_growth": 47.750928732555934,
      "earnings_growth": 31.580559340989645
    },
    {
      "date": "2024-08-02",
      "quarter": "Q3 2024",
      "revenue": 100365283.3674506,
      "earnings": 4397570.929021753,
      "eps_actual": 0.030556221127523257,
      "eps_estimate": 0.030940900272593885,
      "surprise_percent": -1.2432706924541566,
      "price_on_date": 2.819796542183504,
      "revenue_growth": 46.05305384418653,
      "earnings_growth": 29.986335337880405
    },
    {
      "date": "2024-05-04",
      "quarter": "Q2 2024",
      "revenue": 95347019.19907805,
      "earnings": 4177692.3825706653,
      "eps_actual": 0.029028410071147093,
      "eps_estimate": 0.029342880032763422,
      "surprise_percent": -1.0717078939258904,
      "price_on_date": 2.717556754955217,
      "revenue_growth": 33.831768004325895,
      "earnings_growth": 38.62564472489809
    },
    {
      "date": "2024-02-04",
      "quarter": "Q1 2024",
      "revenue": 90579668.23912415,
      "earnings": 3968807.763442132,
      "eps_actual": 0.02757698956758974,
      "eps_estimate": 0.02751773578858778,
      "surprise_percent": 0.21532941320896293,
      "price_on_date": 2.3489275012251554,
      "revenue_growth": 37.87392972920292,
      "earnings_growth": 34.52843432916779
    },
    {
      "date": "2023-11-06",
      "quarter": "Q4 2023",
      "revenue": 86050684.82716794,
      "earnings": 3770367.3752700253,
      "eps_actual": 0.02619814008921025,
      "eps_estimate": 0.02650733630578715,
      "surprise_percent": -1.1664552522744258,
      "price_on_date": 2.345349296808843,
      "revenue_growth": 43.14594558628335,
      "earnings_growth": 44.39617082697048
    }
  ],
  "metrics": {
    "revenue_trend": [
      {
        "date": "2025-07-28",
        "value": 123222238.46342568
      },
      {
        "date": "2025-04-29",
        "value": 117061126.54025438
      },
      {
        "date": "2025-01-29",
        "value": 111208070.21324167
      },
      {
        "date": "2024-10-31",
        "value": 105647666.70257957
      },
      {
        "date": "2024-08-02",
        "value": 100365283.3674506
      },
      {
        "date": "2024-05-04",
        "value": 95347019.19907805
      },
      {
        "date": "2024-02-04",
        "value": 90579668.23912415
      },
      {
        "date": "2023-11-06",
        "value": 86050684.82716794
      }
    ],
    "eps_trend": [
      {
        "date": "2025-07-28",
        "value": 0.037515023521947514
      },
      {
        "date": "2025-04-29",
        "value": 0.03563927234585014
      },
      {
        "date": "2025-01-29",
        "value": 0.033857308728557634
      },
      {
        "date": "2024-10-31",
        "value": 0.032164443292129745
      },
      {
        "date": "2024-08-02",
        "value": 0.030556221127523257
      },
      {
        "date": "2024-05-04",
        "value": 0.029028410071147093
      },
      {
        "date": "2024-02-04",
        "value": 0.02757698956758974
      },
      {
        "date": "2023-11-06",
        "value": 0.02619814008921025
      }
    ],
    "earnings_dates": [
      "2025-07-28",
      "2025-04-29",
      "2025-01-29",
      "2024-10-31",
      "2024-08-02",
      "2024-05-04",
      "2024-02-04",
      "2023-11-06"
    ]
  },
  "analysis": {
    "avg_revenue_growth": 45.98927538750243,
    "avg_earnings_surprise": 2.0662277237109543,
    "consistency_score": 94,
    "trend_direction": "growing"
  }
}