{
  "ticker": "CAT",
  "quarters": [
    {
      "date": "2025-07-28",
      "quarter": "Q3 2025",
      "revenue": 102030207081.23875,
      "earnings": 4028493201.633235,
      "eps_actual": 1.711711318984994,
      "eps_estimate": 1.6593966011009322,
      "surprise_percent": 3.152634990896893,
      "price_on_date": 313.46606688345673,
      "revenue_growth": 17.217228992247694,
      "earnings_growth": 15.710624041454741
    },
    {
      "date": "2025-04-29",
      "quarter": "Q2 2025",
      "revenue": 96928696727.17682,
      "earnings": 3827068541.5515733,
      "eps_actual": 1.6261257530357442,
      "eps_estimate": 1.5781014182933828,
      "surprise_percent": 3.04317163559087,
      "price_on_date": 323.7039921969464,
      "revenue_growth": 14.106990354157825,
      "earnings_growth": 20.305103801257115
    },
    {
      "date": "2025-01-29",
      "quarter": "Q1 2025",
      "revenue": 92082261890.81798,
      "earnings": 3635715114.4739947,
      "eps_actual": 1.544819465383957,
      "eps_estimate": 1.5655465575887497,
      "surprise_percent": -1.3239524627562937,
      "price_on_date": 293.16039396171027,
      "revenue_growth": 17.53204396927413,
      "earnings_growth": 14.277004728784343
    },
    {
      "date": "2024-10-31",
      "quarter": "Q4 2024",
      "revenue": 87478148796.27707,
      "earnings": 3453929358.7502947,
      "eps_actual": 1.4675784921147592,
      "eps_estimate": 1.4956253988632133,
      "surprise_percent": -1.8752628010845398,
      "price_on_date": 253.95393617412904,
      "revenue_growth": 14.028956812546598,
      "earnings_growth": 14.616594281709647
    },
    {
      "date": "2024-08-02",
      "quarter": "Q3 2024",
      "revenue": 83104241356.46321,
      "earnings": 3281232890.81278,
      "eps_actual": 1.394199567509021,
      "eps_estimate": 1.3793659096183126,
      "surprise_percent": 1.0753968752796788,
      "price_on_date": 253.27976633546473,
      "revenue_growth": 15.46453670918977,
      "earnings_growth": 13.567057963271242
    },
    {
      "date": "2024-05-04",
      "quarter": "Q2 2024",
      "revenue": 78949029288.64005,
      "earnings": 3117171246.2721405,
      "eps_actual": 1.32448958913357,
      "eps_estimate": 1.3025266153198063,
      "surprise_percent": 1.6861823440261257,
      "price_on_date": 264.83645483737075,
      "revenue_growth": 16.446311981427698,
      "earnings_growth": 15.34391304507386
    },
    {
      "date": "2024-02-04",
      "quarter": "Q1 2024",
      "revenue": 75001577824.20804,
      "earnings": 2961312683.9585333,
      "eps_actual": 1.2582651096768913,
      "eps_estimate": 1.2027681742267855,
      "surprise_percent": 4.614100758509236,
      "price_on_date": 237.33285521714905,
      "revenue_growth": 17.38005222383385,
      "earnings_growth": 17.294455142115236
    },
    {
      "date": "2023-11-06",
      "quarter": "Q4 2023",
      "revenue": 71251498932.99763,
      "earnings": 2813247049.760607,
      "eps_actual": 1.1953518541930468,
      "eps_estimate": 1.1485062949227292,
      "surprise_percent": 4.078824772437958,
      "price_on_date": 234.61292323126023,
      "revenue_growth": 20.071467524152276,
      "earnings_growth": 14.315632806036616
    }
  ],
  "metrics": {
    "revenue_trend": [
      {
        "date": "2025-07-28",
        "value": 102030207081.23875
      },
      {
        "date": "2025-04-29",
        "value": 96928696727.17682
      },
      {
        "date": "2025-01-29",
        "value": 92082261890.81798
      },
      {
        "date": "2024-10-31",
        "value": 87478148796.27707
      },
      {
        "date": "2024-08-02",
        "value": 83104241356.46321
      },
      {
        "date": "2024-05-04",
        "value": 78949029288.64005
      },
      {
        "date": "2024-02-04",
        "value": 75001577824.20804
      },
      {
        "date": "2023-11-06",
        "value": 71251498932.99763
      }
    ],
    "eps_trend": [
      {
        "date": "2025-07-28",
        "value": 1.711711318984994
      },
      {
        "date": "2025-04-29",
        "value": 1.6261257530357442
      },
      {
        "date": "2025-01-29",
        "value": 1.544819465383957
      },
      {
        "date": "2024-10-31",
        "value": 1.4675784921147592
      },
      {
        "date": "2024-08-02",
        "value": 1.394199567509021
      },
      {
        "date": "2024-05-04",
        "value": 1.32448958913357
      },
      {
        "date": "2024-02-04",
        "value": 1.2582651096768913
      },
      {
        "date": "2023-11-06",
        "value": 1.1953518541930468
      }
    ],
    "earnings_dates": [
      "2025-07-28",
      "2025-04-29",
      "2025-01-29",
      "2024-10-31",
      "2024-08-02",
      "2024-05-04",
      "2024-02-04",
      "2023-11-06"
    ]
  },
  "analysis": {
    "avg_revenue_growth": 15.721305032056563,
    "avg_earnings_surprise": 0.7491478406617321,
    "consistency_score": 91,
    "trend_direction": "growing"
  }
}