{
  "ticker": "CB",
  "quarters": [
    {
      "date": "2025-07-28",
      "quarter": "Q3 2025",
      "revenue": 108951306.0188992,
      "earnings": 8034569.759665722,
      "eps_actual": 0.002212238939113879,
      "eps_estimate": 0.002251816079525946,
      "surprise_percent": -1.7575654056257832,
      "price_on_date": 0.3217992657864156,
      "revenue_growth": -2.388052657493133,
      "earnings_growth": -1.9147517311638136
    },
    {
      "date": "2025-04-29",
      "quarter": "Q2 2025",
      "revenue": 103503740.71795423,
      "earnings": 7632841.271682436,
      "eps_actual": 0.002101626992158185,
      "eps_estimate": 0.0020102411722051298,
      "surprise_percent": 4.546012747953514,
      "price_on_date": 0.27266710006817757,
      "revenue_growth": -2.1977809472387118,
      "earnings_growth": -1.426128986016658
    },
    {
      "date": "2025-01-29",
      "quarter": "Q1 2025",
      "revenue": 98328553.68205653,
      "earnings": 7251199.208098315,
      "eps_actual": 0.001996545642550276,
      "eps_estimate": 0.002014711395092119,
      "surprise_percent": -0.9016553232435635,
      "price_on_date": 0.29914737522228085,
      "revenue_growth": -1.9695852151122766,
      "earnings_growth": -2.1097013885659677
    },
    {
      "date": "2024-10-31",
      "quarter": "Q4 2024",
      "revenue": 93412125.9979537,
      "earnings": 6888639.247693398,
      "eps_actual": 0.001896718360422762,
      "eps_estimate": 0.0018550680050622359,
      "surprise_percent": 2.245219865086773,
      "price_on_date": 0.2556157429121171,
      "revenue_growth": -1.7792910994333344,
      "earnings_growth": -1.5396186886924075
    },
    {
      "date": "2024-08-02",
      "quarter": "Q3 2024",
      "revenue": 88741519.69805601,
      "earnings": 6544207.285308728,
      "eps_actual": 0.001801882442401624,
      "eps_estimate": 0.0018343475322129092,
      "surprise_percent": -1.7698440039941654,
      "price_on_date": 0.27191393771386624,
      "revenue_growth": -2.1043532876790194,
      "earnings_growth": -1.8772222741449869
    },
    {
      "date": "2024-05-04",
      "quarter": "Q2 2024",
      "revenue": 84304443.7131532,
      "earnings": 6216996.921043291,
      "eps_actual": 0.0017117883202815425,
      "eps_estimate": 0.0016449263388134004,
      "surprise_percent": 4.064740158296345,
      "price_on_date": 0.23203140874364475,
      "revenue_growth": -2.276354626386211,
      "earnings_growth": -2.3123948605098192
    },
    {
      "date": "2024-02-04",
      "quarter": "Q1 2024",
      "revenue": 80089221.52749553,
      "earnings": 5906147.074991126,
      "eps_actual": 0.0016261989042674653,
      "eps_estimate": 0.0016561155221893396,
      "surprise_percent": -1.8064330368889583,
      "price_on_date": 0.20502231818541744,
      "revenue_growth": -1.8762793959714974,
      "earnings_growth": -1.6510715964202372
    },
    {
      "date": "2023-11-06",
      "quarter": "Q4 2023",
      "revenue": 76084760.45112075,
      "earnings": 5610839.721241569,
      "eps_actual": 0.001544888959054092,
      "eps_estimate": 0.0015735072189573603,
      "surprise_percent": -1.8187561873552427,
      "price_on_date": 0.2049364586725928,
      "revenue_growth": -2.332288183976004,
      "earnings_growth": -2.403755716501289
    }
  ],
  "metrics": {
    "revenue_trend": [
      {
        "date": "2025-07-28",
        "value": 108951306.0188992
      },
      {
        "date": "2025-04-29",
        "value": 103503740.71795423
      },
      {
        "date": "2025-01-29",
        "value": 98328553.68205653
      },
      {
        "date": "2024-10-31",
        "value": 93412125.9979537
      },
      {
        "date": "2024-08-02",
        "value": 88741519.69805601
      },
      {
        "date": "2024-05-04",
        "value": 84304443.7131532
      },
      {
        "date": "2024-02-04",
        "value": 80089221.52749553
      },
      {
        "date": "2023-11-06",
        "value": 76084760.45112075
      }
    ],
    "eps_trend": [
      {
        "date": "2025-07-28",
        "value": 0.002212238939113879
      },
      {
        "date": "2025-04-29",
        "value": 0.002101626992158185
      },
      {
        "date": "2025-01-29",
        "value": 0.001996545642550276
      },
      {
        "date": "2024-10-31",
        "value": 0.001896718360422762
      },
      {
        "date": "2024-08-02",
        "value": 0.001801882442401624
      },
      {
        "date": "2024-05-04",
        "value": 0.0017117883202815425
      },
      {
        "date": "2024-02-04",
        "value": 0.0016261989042674653
      },
      {
        "date": "2023-11-06",
        "value": 0.001544888959054092
      }
    ],
    "earnings_dates": [
      "2025-07-28",
      "2025-04-29",
      "2025-01-29",
      "2024-10-31",
      "2024-08-02",
      "2024-05-04",
      "2024-02-04",
      "2023-11-06"
    ]
  },
  "analysis": {
    "avg_revenue_growth": -2.083677479819364,
    "avg_earnings_surprise": 1.0330029710427353,
    "consistency_score": 85,
    "trend_direction": "stable"
  }
}