{
  "ticker": "CBOE",
  "quarters": [
    {
      "date": "2025-07-28",
      "quarter": "Q3 2025",
      "revenue": 98712476.20194204,
      "earnings": 3375956.4007631238,
      "eps_actual": 0.0015696307013651164,
      "eps_estimate": 0.0015755361070426868,
      "surprise_percent": -0.37481880936736756,
      "price_on_date": 0.23374474281488905,
      "revenue_growth": -10.418633212114035,
      "earnings_growth": -8.214669836692483
    },
    {
      "date": "2025-04-29",
      "quarter": "Q2 2025",
      "revenue": 93776852.39184493,
      "earnings": 3207158.580724967,
      "eps_actual": 0.0014911491662968604,
      "eps_estimate": 0.0014326287480169756,
      "surprise_percent": 4.084827863526254,
      "price_on_date": 0.18573867387037662,
      "revenue_growth": -13.152931980782897,
      "earnings_growth": -9.474881662693022
    },
    {
      "date": "2025-01-29",
      "quarter": "Q1 2025",
      "revenue": 89088009.7722527,
      "earnings": 3046800.651688719,
      "eps_actual": 0.0014165917079820174,
      "eps_estimate": 0.001431529696523053,
      "surprise_percent": -1.0434983344961264,
      "price_on_date": 0.19706463824125267,
      "revenue_growth": -9.417849992662589,
      "earnings_growth": -8.520718201401369
    },
    {
      "date": "2024-10-31",
      "quarter": "Q4 2024",
      "revenue": 84633609.28364004,
      "earnings": 2894460.6191042825,
      "eps_actual": 0.0013457621225829162,
      "eps_estimate": 0.0013451373925909699,
      "surprise_percent": 0.046443582297787396,
      "price_on_date": 0.17314876533403686,
      "revenue_growth": -11.868686244862602,
      "earnings_growth": -9.396530578005956
    },
    {
      "date": "2024-08-02",
      "quarter": "Q3 2024",
      "revenue": 80401928.81945804,
      "earnings": 2749737.5881490684,
      "eps_actual": 0.0012784740164537706,
      "eps_estimate": 0.0012998339359452363,
      "surprise_percent": -1.6432806453797355,
      "price_on_date": 0.17147996811894592,
      "revenue_growth": -9.479113704916701,
      "earnings_growth": -11.971290023146043
    },
    {
      "date": "2024-05-04",
      "quarter": "Q2 2024",
      "revenue": 76381832.37848513,
      "earnings": 2612250.7087416146,
      "eps_actual": 0.0012145503156310818,
      "eps_estimate": 0.0011751158493711292,
      "surprise_percent": 3.355793922876303,
      "price_on_date": 0.17614640864134792,
      "revenue_growth": -11.246259340857796,
      "earnings_growth": -11.122262390771976
    },
    {
      "date": "2024-02-04",
      "quarter": "Q1 2024",
      "revenue": 72562740.75956087,
      "earnings": 2481638.1733045336,
      "eps_actual": 0.0011538227998495276,
      "eps_estimate": 0.0011476169367668802,
      "surprise_percent": 0.5407608483132804,
      "price_on_date": 0.17070683624740474,
      "revenue_growth": -10.300830087659426,
      "earnings_growth": -13.879220127820698
    },
    {
      "date": "2023-11-06",
      "quarter": "Q4 2023",
      "revenue": 68934603.72158283,
      "earnings": 2357556.2646393073,
      "eps_actual": 0.0010961316598570513,
      "eps_estimate": 0.0010452303966816657,
      "surprise_percent": 4.869860591213567,
      "price_on_date": 0.149447013597632,
      "revenue_growth": -10.955979677430168,
      "earnings_growth": -10.34956678496449
    }
  ],
  "metrics": {
    "revenue_trend": [
      {
        "date": "2025-07-28",
        "value": 98712476.20194204
      },
      {
        "date": "2025-04-29",
        "value": 93776852.39184493
      },
      {
        "date": "2025-01-29",
        "value": 89088009.7722527
      },
      {
        "date": "2024-10-31",
        "value": 84633609.28364004
      },
      {
        "date": "2024-08-02",
        "value": 80401928.81945804
      },
      {
        "date": "2024-05-04",
        "value": 76381832.37848513
      },
      {
        "date": "2024-02-04",
        "value": 72562740.75956087
      },
      {
        "date": "2023-11-06",
        "value": 68934603.72158283
      }
    ],
    "eps_trend": [
      {
        "date": "2025-07-28",
        "value": 0.0015696307013651164
      },
      {
        "date": "2025-04-29",
        "value": 0.0014911491662968604
      },
      {
        "date": "2025-01-29",
        "value": 0.0014165917079820174
      },
      {
        "date": "2024-10-31",
        "value": 0.0013457621225829162
      },
      {
        "date": "2024-08-02",
        "value": 0.0012784740164537706
      },
      {
        "date": "2024-05-04",
        "value": 0.0012145503156310818
      },
      {
        "date": "2024-02-04",
        "value": 0.0011538227998495276
      },
      {
        "date": "2023-11-06",
        "value": 0.0010961316598570513
      }
    ],
    "earnings_dates": [
      "2025-07-28",
      "2025-04-29",
      "2025-01-29",
      "2024-10-31",
      "2024-08-02",
      "2024-05-04",
      "2024-02-04",
      "2023-11-06"
    ]
  },
  "analysis": {
    "avg_revenue_growth": -11.214525357605531,
    "avg_earnings_surprise": 0.6782385754901368,
    "consistency_score": 75,
    "trend_direction": "declining"
  }
}