{
  "ticker": "CBRE",
  "quarters": [
    {
      "date": "2025-07-28",
      "quarter": "Q3 2025",
      "revenue": 83142095.14146732,
      "earnings": 1837883.2071489163,
      "eps_actual": 0.0007038010932972835,
      "eps_estimate": 0.0006766408805589804,
      "surprise_percent": 4.013977505448057,
      "price_on_date": 0.5817345908035961,
      "revenue_growth": 30.57540254359563,
      "earnings_growth": 24.89268486728636
    },
    {
      "date": "2025-04-29",
      "quarter": "Q2 2025",
      "revenue": 78984990.38439395,
      "earnings": 1745989.0467914704,
      "eps_actual": 0.0006686110386324193,
      "eps_estimate": 0.0006464767161931431,
      "surprise_percent": 3.423839078013022,
      "price_on_date": 0.5666142472929847,
      "revenue_growth": 23.586629864147444,
      "earnings_growth": 30.00974764271481
    },
    {
      "date": "2025-01-29",
      "quarter": "Q1 2025",
      "revenue": 75035740.86517425,
      "earnings": 1658689.5944518968,
      "eps_actual": 0.0006351804867007983,
      "eps_estimate": 0.0006101366863625879,
      "surprise_percent": 4.104621291912865,
      "price_on_date": 0.5064800747870584,
      "revenue_growth": 24.934230473547224,
      "earnings_growth": 30.158619163697075
    },
    {
      "date": "2024-10-31",
      "quarter": "Q4 2024",
      "revenue": 71283953.82191554,
      "earnings": 1575755.114729302,
      "eps_actual": 0.0006034214623657583,
      "eps_estimate": 0.0006058529634317265,
      "surprise_percent": -0.4013351774654037,
      "price_on_date": 0.46916049343460986,
      "revenue_growth": 25.079836957483025,
      "earnings_growth": 35.56517205573676
    },
    {
      "date": "2024-08-02",
      "quarter": "Q3 2024",
      "revenue": 67719756.13081975,
      "earnings": 1496967.358992837,
      "eps_actual": 0.0005732503892474705,
      "eps_estimate": 0.0005830420072055955,
      "surprise_percent": -1.6794017990323304,
      "price_on_date": 0.471752672785832,
      "revenue_growth": 30.26805919195463,
      "earnings_growth": 35.348059829593595
    },
    {
      "date": "2024-05-04",
      "quarter": "Q2 2024",
      "revenue": 64333768.32427876,
      "earnings": 1422118.991043195,
      "eps_actual": 0.0005445878697850968,
      "eps_estimate": 0.0005355936011931391,
      "surprise_percent": 1.6793084480324696,
      "price_on_date": 0.4778154954057493,
      "revenue_growth": 25.328057675718483,
      "earnings_growth": 31.05140923030191
    },
    {
      "date": "2024-02-04",
      "quarter": "Q1 2024",
      "revenue": 61117079.90806482,
      "earnings": 1351013.0414910351,
      "eps_actual": 0.0005173584762958421,
      "eps_estimate": 0.0005185310681766677,
      "surprise_percent": -0.2261372466935986,
      "price_on_date": 0.4755136047532003,
      "revenue_growth": 23.046814103429494,
      "earnings_growth": 26.33911058906358
    },
    {
      "date": "2023-11-06",
      "quarter": "Q4 2023",
      "revenue": 58061225.912661575,
      "earnings": 1283462.3894164832,
      "eps_actual": 0.0004914905524810499,
      "eps_estimate": 0.0004762966196673094,
      "surprise_percent": 3.1900148324280244,
      "price_on_date": 0.45406168331921365,
      "revenue_growth": 28.68125915389863,
      "earnings_growth": 35.49740126896438
    }
  ],
  "metrics": {
    "revenue_trend": [
      {
        "date": "2025-07-28",
        "value": 83142095.14146732
      },
      {
        "date": "2025-04-29",
        "value": 78984990.38439395
      },
      {
        "date": "2025-01-29",
        "value": 75035740.86517425
      },
      {
        "date": "2024-10-31",
        "value": 71283953.82191554
      },
      {
        "date": "2024-08-02",
        "value": 67719756.13081975
      },
      {
        "date": "2024-05-04",
        "value": 64333768.32427876
      },
      {
        "date": "2024-02-04",
        "value": 61117079.90806482
      },
      {
        "date": "2023-11-06",
        "value": 58061225.912661575
      }
    ],
    "eps_trend": [
      {
        "date": "2025-07-28",
        "value": 0.0007038010932972835
      },
      {
        "date": "2025-04-29",
        "value": 0.0006686110386324193
      },
      {
        "date": "2025-01-29",
        "value": 0.0006351804867007983
      },
      {
        "date": "2024-10-31",
        "value": 0.0006034214623657583
      },
      {
        "date": "2024-08-02",
        "value": 0.0005732503892474705
      },
      {
        "date": "2024-05-04",
        "value": 0.0005445878697850968
      },
      {
        "date": "2024-02-04",
        "value": 0.0005173584762958421
      },
      {
        "date": "2023-11-06",
        "value": 0.0004914905524810499
      }
    ],
    "earnings_dates": [
      "2025-07-28",
      "2025-04-29",
      "2025-01-29",
      "2024-10-31",
      "2024-08-02",
      "2024-05-04",
      "2024-02-04",
      "2023-11-06"
    ]
  },
  "analysis": {
    "avg_revenue_growth": 26.04402495969333,
    "avg_earnings_surprise": 2.7852756744771354,
    "consistency_score": 80,
    "trend_direction": "growing"
  }
}