{
  "ticker": "CCI",
  "quarters": [
    {
      "date": "2025-07-28",
      "quarter": "Q3 2025",
      "revenue": 2072517506.1724336,
      "earnings": 423176755.96153736,
      "eps_actual": 0.1296088381347681,
      "eps_estimate": 0.12484352369355113,
      "surprise_percent": 3.8170297507095388,
      "price_on_date": 30.064299760905605,
      "revenue_growth": -4.493174811152738,
      "earnings_growth": -4.525868272179389
    },
    {
      "date": "2025-04-29",
      "quarter": "Q2 2025",
      "revenue": 1968891630.8638117,
      "earnings": 402017918.1634605,
      "eps_actual": 0.12312839622802968,
      "eps_estimate": 0.11838397252267122,
      "surprise_percent": 4.007657121364025,
      "price_on_date": 25.2190672286128,
      "revenue_growth": -6.216460497298332,
      "earnings_growth": -4.810489878965877
    },
    {
      "date": "2025-01-29",
      "quarter": "Q1 2025",
      "revenue": 1870447049.3206213,
      "earnings": 381917022.25528747,
      "eps_actual": 0.1169719764166282,
      "eps_estimate": 0.11556884869119163,
      "surprise_percent": 1.214105480262957,
      "price_on_date": 23.54002928159726,
      "revenue_growth": -4.552868100300998,
      "earnings_growth": -4.3043347967300845
    },
    {
      "date": "2024-10-31",
      "quarter": "Q4 2024",
      "revenue": 1776924696.85459,
      "earnings": 362821171.14252305,
      "eps_actual": 0.11112337759579677,
      "eps_estimate": 0.11033625713796961,
      "surprise_percent": 0.7133833231653863,
      "price_on_date": 25.434981736788952,
      "revenue_growth": -6.112704139590523,
      "earnings_growth": -6.3486515926713185
    },
    {
      "date": "2024-08-02",
      "quarter": "Q3 2024",
      "revenue": 1688078462.0118606,
      "earnings": 344680112.58539695,
      "eps_actual": 0.10556720871600694,
      "eps_estimate": 0.10676882672169821,
      "surprise_percent": -1.1254389905617164,
      "price_on_date": 21.421808569511825,
      "revenue_growth": -5.190954957862175,
      "earnings_growth": -5.470953245704229
    },
    {
      "date": "2024-05-04",
      "quarter": "Q2 2024",
      "revenue": 1603674538.9112673,
      "earnings": 327446106.95612705,
      "eps_actual": 0.10028884828020658,
      "eps_estimate": 0.09828454185319892,
      "surprise_percent": 2.0392895863536324,
      "price_on_date": 23.986460452596813,
      "revenue_growth": -5.228427940196098,
      "earnings_growth": -6.5312695180096005
    },
    {
      "date": "2024-02-04",
      "quarter": "Q1 2024",
      "revenue": 1523490811.965704,
      "earnings": 311073801.6083207,
      "eps_actual": 0.09527440586619626,
      "eps_estimate": 0.09139840242869517,
      "surprise_percent": 4.2407781038896974,
      "price_on_date": 20.426152958856765,
      "revenue_growth": -4.367331463780216,
      "earnings_growth": -5.872010498721614
    },
    {
      "date": "2023-11-06",
      "quarter": "Q4 2023",
      "revenue": 1447316271.3674185,
      "earnings": 295520111.5279046,
      "eps_actual": 0.09051068557288643,
      "eps_estimate": 0.08756219813063179,
      "surprise_percent": 3.3673063321867076,
      "price_on_date": 20.138331285480348,
      "revenue_growth": -5.841883410554007,
      "earnings_growth": -4.105269363600026
    }
  ],
  "metrics": {
    "revenue_trend": [
      {
        "date": "2025-07-28",
        "value": 2072517506.1724336
      },
      {
        "date": "2025-04-29",
        "value": 1968891630.8638117
      },
      {
        "date": "2025-01-29",
        "value": 1870447049.3206213
      },
      {
        "date": "2024-10-31",
        "value": 1776924696.85459
      },
      {
        "date": "2024-08-02",
        "value": 1688078462.0118606
      },
      {
        "date": "2024-05-04",
        "value": 1603674538.9112673
      },
      {
        "date": "2024-02-04",
        "value": 1523490811.965704
      },
      {
        "date": "2023-11-06",
        "value": 1447316271.3674185
      }
    ],
    "eps_trend": [
      {
        "date": "2025-07-28",
        "value": 0.1296088381347681
      },
      {
        "date": "2025-04-29",
        "value": 0.12312839622802968
      },
      {
        "date": "2025-01-29",
        "value": 0.1169719764166282
      },
      {
        "date": "2024-10-31",
        "value": 0.11112337759579677
      },
      {
        "date": "2024-08-02",
        "value": 0.10556720871600694
      },
      {
        "date": "2024-05-04",
        "value": 0.10028884828020658
      },
      {
        "date": "2024-02-04",
        "value": 0.09527440586619626
      },
      {
        "date": "2023-11-06",
        "value": 0.09051068557288643
      }
    ],
    "earnings_dates": [
      "2025-07-28",
      "2025-04-29",
      "2025-01-29",
      "2024-10-31",
      "2024-08-02",
      "2024-05-04",
      "2024-02-04",
      "2023-11-06"
    ]
  },
  "analysis": {
    "avg_revenue_growth": -5.343801887085648,
    "avg_earnings_surprise": 2.4380439188754766,
    "consistency_score": 75,
    "trend_direction": "declining"
  }
}