{
  "ticker": "CCL",
  "quarters": [
    {
      "date": "2025-07-28",
      "quarter": "Q3 2025",
      "revenue": 74953696.66403425,
      "earnings": 26267471.05714992,
      "eps_actual": 0.012121364496949977,
      "eps_estimate": 0.011613176691604657,
      "surprise_percent": 4.375958610125143,
      "price_on_date": 0.447505922235012,
      "revenue_growth": -11.239806434057314,
      "earnings_growth": -10.304959347162848
    },
    {
      "date": "2025-04-29",
      "quarter": "Q2 2025",
      "revenue": 71206011.83083253,
      "earnings": 24954097.50429242,
      "eps_actual": 0.011515296272102477,
      "eps_estimate": 0.011375939156566239,
      "surprise_percent": 1.2250163579312108,
      "price_on_date": 0.4032495267040462,
      "revenue_growth": -9.727878507682622,
      "earnings_growth": -9.460294453781353
    },
    {
      "date": "2025-01-29",
      "quarter": "Q1 2025",
      "revenue": 67645711.23929091,
      "earnings": 23706392.629077803,
      "eps_actual": 0.010939531458497355,
      "eps_estimate": 0.010515125757997104,
      "surprise_percent": 4.03614479054115,
      "price_on_date": 0.39388403121542553,
      "revenue_growth": -10.366250062083472,
      "earnings_growth": -11.684544213488243
    },
    {
      "date": "2024-10-31",
      "quarter": "Q4 2024",
      "revenue": 64263425.67732635,
      "earnings": 22521072.99762391,
      "eps_actual": 0.010392554885572485,
      "eps_estimate": 0.009967213018263716,
      "surprise_percent": 4.267410223192596,
      "price_on_date": 0.3412884138452966,
      "revenue_growth": -9.451672385378778,
      "earnings_growth": -9.199919794880866
    },
    {
      "date": "2024-08-02",
      "quarter": "Q3 2024",
      "revenue": 61050254.393460035,
      "earnings": 21395019.347742714,
      "eps_actual": 0.00987292714129386,
      "eps_estimate": 0.009505604833851922,
      "surprise_percent": 3.864270752491289,
      "price_on_date": 0.3540597741463215,
      "revenue_growth": -10.953563071745606,
      "earnings_growth": -13.383963094861068
    },
    {
      "date": "2024-05-04",
      "quarter": "Q2 2024",
      "revenue": 57997741.67378703,
      "earnings": 20325268.380355578,
      "eps_actual": 0.009379280784229168,
      "eps_estimate": 0.00917873980801238,
      "surprise_percent": 2.1848421505720306,
      "price_on_date": 0.29756884147355267,
      "revenue_growth": -8.900516559990733,
      "earnings_growth": -7.860957772047578
    },
    {
      "date": "2024-02-04",
      "quarter": "Q1 2024",
      "revenue": 55097854.59009767,
      "earnings": 19309004.961337797,
      "eps_actual": 0.008910316745017709,
      "eps_estimate": 0.008732597583713461,
      "surprise_percent": 2.0351236799884003,
      "price_on_date": 0.3017119195501688,
      "revenue_growth": -10.756631446683208,
      "earnings_growth": -9.017720542120667
    },
    {
      "date": "2023-11-06",
      "quarter": "Q4 2023",
      "revenue": 52342961.86059278,
      "earnings": 18343554.713270906,
      "eps_actual": 0.008464800907766823,
      "eps_estimate": 0.008558643564243986,
      "surprise_percent": -1.0964664642562694,
      "price_on_date": 0.3113619979084164,
      "revenue_growth": -12.749132693793262,
      "earnings_growth": -7.719706366546636
    }
  ],
  "metrics": {
    "revenue_trend": [
      {
        "date": "2025-07-28",
        "value": 74953696.66403425
      },
      {
        "date": "2025-04-29",
        "value": 71206011.83083253
      },
      {
        "date": "2025-01-29",
        "value": 67645711.23929091
      },
      {
        "date": "2024-10-31",
        "value": 64263425.67732635
      },
      {
        "date": "2024-08-02",
        "value": 61050254.393460035
      },
      {
        "date": "2024-05-04",
        "value": 57997741.67378703
      },
      {
        "date": "2024-02-04",
        "value": 55097854.59009767
      },
      {
        "date": "2023-11-06",
        "value": 52342961.86059278
      }
    ],
    "eps_trend": [
      {
        "date": "2025-07-28",
        "value": 0.012121364496949977
      },
      {
        "date": "2025-04-29",
        "value": 0.011515296272102477
      },
      {
        "date": "2025-01-29",
        "value": 0.010939531458497355
      },
      {
        "date": "2024-10-31",
        "value": 0.010392554885572485
      },
      {
        "date": "2024-08-02",
        "value": 0.00987292714129386
      },
      {
        "date": "2024-05-04",
        "value": 0.009379280784229168
      },
      {
        "date": "2024-02-04",
        "value": 0.008910316745017709
      },
      {
        "date": "2023-11-06",
        "value": 0.008464800907766823
      }
    ],
    "earnings_dates": [
      "2025-07-28",
      "2025-04-29",
      "2025-01-29",
      "2024-10-31",
      "2024-08-02",
      "2024-05-04",
      "2024-02-04",
      "2023-11-06"
    ]
  },
  "analysis": {
    "avg_revenue_growth": -10.196401847300546,
    "avg_earnings_surprise": 3.4761324954475246,
    "consistency_score": 66,
    "trend_direction": "declining"
  }
}