{
  "ticker": "CDNS",
  "quarters": [
    {
      "date": "2025-07-28",
      "quarter": "Q3 2025",
      "revenue": 54066378.68330489,
      "earnings": 7738871.972946245,
      "eps_actual": 0.0032583800743164015,
      "eps_estimate": 0.0032315908809017403,
      "surprise_percent": 0.8289784939356538,
      "price_on_date": 0.7705344258468358,
      "revenue_growth": 23.500171380866743,
      "earnings_growth": 26.82888343530488
    },
    {
      "date": "2025-04-29",
      "quarter": "Q2 2025",
      "revenue": 51363059.749139644,
      "earnings": 7351928.374298933,
      "eps_actual": 0.0030954610706005812,
      "eps_estimate": 0.00314230114568894,
      "surprise_percent": -1.4906297301460396,
      "price_on_date": 0.7249218584225935,
      "revenue_growth": 18.130702033238347,
      "earnings_growth": 28.12403312481327
    },
    {
      "date": "2025-01-29",
      "quarter": "Q1 2025",
      "revenue": 48794906.76168266,
      "earnings": 6984331.955583986,
      "eps_actual": 0.002940688017070552,
      "eps_estimate": 0.0029026009558035365,
      "surprise_percent": 1.3121700794200828,
      "price_on_date": 0.7041729627840629,
      "revenue_growth": 24.011824411269913,
      "earnings_growth": 18.87766651200087
    },
    {
      "date": "2024-10-31",
      "quarter": "Q4 2024",
      "revenue": 46355161.42359853,
      "earnings": 6635115.357804786,
      "eps_actual": 0.0027936536162170246,
      "eps_estimate": 0.002682275085357553,
      "surprise_percent": 4.1523903147549275,
      "price_on_date": 0.7096778981694876,
      "revenue_growth": 24.91823623146167,
      "earnings_growth": 17.24575045346632
    },
    {
      "date": "2024-08-02",
      "quarter": "Q3 2024",
      "revenue": 44037403.352418594,
      "earnings": 6303359.589914546,
      "eps_actual": 0.002653970935406173,
      "eps_estimate": 0.002630329756463754,
      "surprise_percent": 0.8987914494113677,
      "price_on_date": 0.682981341329219,
      "revenue_growth": 23.526589896664444,
      "earnings_growth": 17.861668297603746
    },
    {
      "date": "2024-05-04",
      "quarter": "Q2 2024",
      "revenue": 41835533.18479766,
      "earnings": 5988191.610418818,
      "eps_actual": 0.0025212723886358637,
      "eps_estimate": 0.0024862096886644606,
      "surprise_percent": 1.4102873193386207,
      "price_on_date": 0.5850503583696246,
      "revenue_growth": 25.93102430339095,
      "earnings_growth": 20.034557940833327
    },
    {
      "date": "2024-02-04",
      "quarter": "Q1 2024",
      "revenue": 39743756.52555778,
      "earnings": 5688782.029897878,
      "eps_actual": 0.002395208769204071,
      "eps_estimate": 0.0023922101436094764,
      "surprise_percent": 0.1253495894833906,
      "price_on_date": 0.5319908162797368,
      "revenue_growth": 23.121107525162564,
      "earnings_growth": 24.233488718247834
    },
    {
      "date": "2023-11-06",
      "quarter": "Q4 2023",
      "revenue": 37756568.69927989,
      "earnings": 5404342.928402984,
      "eps_actual": 0.002275448330743867,
      "eps_estimate": 0.002237855016893921,
      "surprise_percent": 1.6798815636467952,
      "price_on_date": 0.5698794928415282,
      "revenue_growth": 18.590062905307892,
      "earnings_growth": 17.46553588129248
    }
  ],
  "metrics": {
    "revenue_trend": [
      {
        "date": "2025-07-28",
        "value": 54066378.68330489
      },
      {
        "date": "2025-04-29",
        "value": 51363059.749139644
      },
      {
        "date": "2025-01-29",
        "value": 48794906.76168266
      },
      {
        "date": "2024-10-31",
        "value": 46355161.42359853
      },
      {
        "date": "2024-08-02",
        "value": 44037403.352418594
      },
      {
        "date": "2024-05-04",
        "value": 41835533.18479766
      },
      {
        "date": "2024-02-04",
        "value": 39743756.52555778
      },
      {
        "date": "2023-11-06",
        "value": 37756568.69927989
      }
    ],
    "eps_trend": [
      {
        "date": "2025-07-28",
        "value": 0.0032583800743164015
      },
      {
        "date": "2025-04-29",
        "value": 0.0030954610706005812
      },
      {
        "date": "2025-01-29",
        "value": 0.002940688017070552
      },
      {
        "date": "2024-10-31",
        "value": 0.0027936536162170246
      },
      {
        "date": "2024-08-02",
        "value": 0.002653970935406173
      },
      {
        "date": "2024-05-04",
        "value": 0.0025212723886358637
      },
      {
        "date": "2024-02-04",
        "value": 0.002395208769204071
      },
      {
        "date": "2023-11-06",
        "value": 0.002275448330743867
      }
    ],
    "earnings_dates": [
      "2025-07-28",
      "2025-04-29",
      "2025-01-29",
      "2024-10-31",
      "2024-08-02",
      "2024-05-04",
      "2024-02-04",
      "2023-11-06"
    ]
  },
  "analysis": {
    "avg_revenue_growth": 22.640233514209164,
    "avg_earnings_surprise": 1.200727289491156,
    "consistency_score": 65,
    "trend_direction": "growing"
  }
}