{
  "ticker": "CDW",
  "quarters": [
    {
      "date": "2025-07-28",
      "quarter": "Q3 2025",
      "revenue": 49317761.0339412,
      "earnings": 3268449.303419382,
      "eps_actual": 0.0014632983505232966,
      "eps_estimate": 0.0013985332062987023,
      "surprise_percent": 4.630933604787188,
      "price_on_date": 0.20095646467299655,
      "revenue_growth": 35.302124610643894,
      "earnings_growth": 29.410752873516266
    },
    {
      "date": "2025-04-29",
      "quarter": "Q2 2025",
      "revenue": 46851872.98224414,
      "earnings": 3105026.8382484126,
      "eps_actual": 0.0013901334329971318,
      "eps_estimate": 0.001323296701350653,
      "surprise_percent": 5.050774446748068,
      "price_on_date": 0.1890717160820419,
      "revenue_growth": 40.09769437951765,
      "earnings_growth": 38.523428597215954
    },
    {
      "date": "2025-01-29",
      "quarter": "Q1 2025",
      "revenue": 44509279.33313193,
      "earnings": 2949775.4963359917,
      "eps_actual": 0.001320626761347275,
      "eps_estimate": 0.0012891751127496113,
      "surprise_percent": 2.439672336722525,
      "price_on_date": 0.1554037472627854,
      "revenue_growth": 38.13919798930984,
      "earnings_growth": 36.315796418529914
    },
    {
      "date": "2024-10-31",
      "quarter": "Q4 2024",
      "revenue": 42283815.36647533,
      "earnings": 2802286.7215191917,
      "eps_actual": 0.0012545954232799112,
      "eps_estimate": 0.0012773350640504341,
      "surprise_percent": -1.7802408632246771,
      "price_on_date": 0.15857079361634716,
      "revenue_growth": 41.20936756270274,
      "earnings_growth": 26.52087225930381
    },
    {
      "date": "2024-08-02",
      "quarter": "Q3 2024",
      "revenue": 40169624.598151565,
      "earnings": 2662172.3854432325,
      "eps_actual": 0.0011918656521159158,
      "eps_estimate": 0.0012048552497074378,
      "surprise_percent": -1.0781044108556699,
      "price_on_date": 0.16383426126874173,
      "revenue_growth": 41.26424609113891,
      "earnings_growth": 35.09413502098536
    },
    {
      "date": "2024-05-04",
      "quarter": "Q2 2024",
      "revenue": 38161143.36824398,
      "earnings": 2529063.7661710703,
      "eps_actual": 0.0011322723695101197,
      "eps_estimate": 0.001088708653527845,
      "surprise_percent": 4.001411749700997,
      "price_on_date": 0.14797158286727646,
      "revenue_growth": 42.7806073631869,
      "earnings_growth": 41.29387255073213
    },
    {
      "date": "2024-02-04",
      "quarter": "Q1 2024",
      "revenue": 36253086.199831784,
      "earnings": 2402610.577862517,
      "eps_actual": 0.0010756587510346138,
      "eps_estimate": 0.0010263517094074885,
      "surprise_percent": 4.804107712315323,
      "price_on_date": 0.148864089062839,
      "revenue_growth": 34.223092092671926,
      "earnings_growth": 28.66594052536465
    },
    {
      "date": "2023-11-06",
      "quarter": "Q4 2023",
      "revenue": 34440431.88984019,
      "earnings": 2282480.0489693913,
      "eps_actual": 0.0010218758134828833,
      "eps_estimate": 0.001018981331268063,
      "surprise_percent": 0.28405645187023915,
      "price_on_date": 0.14056192735339293,
      "revenue_growth": 41.96601962535378,
      "earnings_growth": 32.67236653154527
    }
  ],
  "metrics": {
    "revenue_trend": [
      {
        "date": "2025-07-28",
        "value": 49317761.0339412
      },
      {
        "date": "2025-04-29",
        "value": 46851872.98224414
      },
      {
        "date": "2025-01-29",
        "value": 44509279.33313193
      },
      {
        "date": "2024-10-31",
        "value": 42283815.36647533
      },
      {
        "date": "2024-08-02",
        "value": 40169624.598151565
      },
      {
        "date": "2024-05-04",
        "value": 38161143.36824398
      },
      {
        "date": "2024-02-04",
        "value": 36253086.199831784
      },
      {
        "date": "2023-11-06",
        "value": 34440431.88984019
      }
    ],
    "eps_trend": [
      {
        "date": "2025-07-28",
        "value": 0.0014632983505232966
      },
      {
        "date": "2025-04-29",
        "value": 0.0013901334329971318
      },
      {
        "date": "2025-01-29",
        "value": 0.001320626761347275
      },
      {
        "date": "2024-10-31",
        "value": 0.0012545954232799112
      },
      {
        "date": "2024-08-02",
        "value": 0.0011918656521159158
      },
      {
        "date": "2024-05-04",
        "value": 0.0011322723695101197
      },
      {
        "date": "2024-02-04",
        "value": 0.0010756587510346138
      },
      {
        "date": "2023-11-06",
        "value": 0.0010218758134828833
      }
    ],
    "earnings_dates": [
      "2025-07-28",
      "2025-04-29",
      "2025-01-29",
      "2024-10-31",
      "2024-08-02",
      "2024-05-04",
      "2024-02-04",
      "2023-11-06"
    ]
  },
  "analysis": {
    "avg_revenue_growth": 38.687096135543534,
    "avg_earnings_surprise": 2.5852848812582763,
    "consistency_score": 67,
    "trend_direction": "growing"
  }
}