{
  "ticker": "CEG",
  "quarters": [
    {
      "date": "2025-07-28",
      "quarter": "Q3 2025",
      "revenue": 98152192.90162899,
      "earnings": 2488263.74178898,
      "eps_actual": 0.0007150522894319674,
      "eps_estimate": 0.0007248631082274595,
      "surprise_percent": -1.3534719430656263,
      "price_on_date": 0.46410435335317884,
      "revenue_growth": 49.15484711947393,
      "earnings_growth": 56.12172924901195
    },
    {
      "date": "2025-04-29",
      "quarter": "Q2 2025",
      "revenue": 93244583.25654753,
      "earnings": 2363850.554699531,
      "eps_actual": 0.0006792996749603689,
      "eps_estimate": 0.0006653471466153297,
      "surprise_percent": 2.0970298611809977,
      "price_on_date": 0.4446509686477028,
      "revenue_growth": 44.17888652572017,
      "earnings_growth": 37.76485028154851
    },
    {
      "date": "2025-01-29",
      "quarter": "Q1 2025",
      "revenue": 88582354.09372015,
      "earnings": 2245658.0269645546,
      "eps_actual": 0.0006453346912123506,
      "eps_estimate": 0.0006234220752786785,
      "surprise_percent": 3.5148925266845725,
      "price_on_date": 0.39527651431516836,
      "revenue_growth": 47.12443134726672,
      "earnings_growth": 61.96177501539586
    },
    {
      "date": "2024-10-31",
      "quarter": "Q4 2024",
      "revenue": 84153236.38903414,
      "earnings": 2133375.1256163265,
      "eps_actual": 0.000613067956651733,
      "eps_estimate": 0.0005967190776014251,
      "surprise_percent": 2.7397949326547364,
      "price_on_date": 0.434168485267256,
      "revenue_growth": 56.79410228807472,
      "earnings_growth": 54.1391983414962
    },
    {
      "date": "2024-08-02",
      "quarter": "Q3 2024",
      "revenue": 79945574.56958243,
      "earnings": 2026706.3693355103,
      "eps_actual": 0.0005824145588191463,
      "eps_estimate": 0.0005893578339421665,
      "surprise_percent": -1.1781085654834191,
      "price_on_date": 0.4070253527129083,
      "revenue_growth": 40.46751536137904,
      "earnings_growth": 47.93952224886641
    },
    {
      "date": "2024-05-04",
      "quarter": "Q2 2024",
      "revenue": 75948295.8411033,
      "earnings": 1925371.0508687345,
      "eps_actual": 0.0005532938308781889,
      "eps_estimate": 0.0005417731452972698,
      "surprise_percent": 2.1264777851987655,
      "price_on_date": 0.39253958821691526,
      "revenue_growth": 51.105488618271266,
      "earnings_growth": 34.915567068098674
    },
    {
      "date": "2024-02-04",
      "quarter": "Q1 2024",
      "revenue": 72150881.04904814,
      "earnings": 1829102.4983252978,
      "eps_actual": 0.0005256291393342795,
      "eps_estimate": 0.0005105532406902844,
      "surprise_percent": 2.95285534249317,
      "price_on_date": 0.31553408076222383,
      "revenue_growth": 52.79886434158308,
      "earnings_growth": 54.70692045182585
    },
    {
      "date": "2023-11-06",
      "quarter": "Q4 2023",
      "revenue": 68543336.99659573,
      "earnings": 1737647.3734090328,
      "eps_actual": 0.0004993476823675655,
      "eps_estimate": 0.000491889714488654,
      "surprise_percent": 1.5161869946120772,
      "price_on_date": 0.3088917006047466,
      "revenue_growth": 39.33495524452983,
      "earnings_growth": 45.88357210359664
    }
  ],
  "metrics": {
    "revenue_trend": [
      {
        "date": "2025-07-28",
        "value": 98152192.90162899
      },
      {
        "date": "2025-04-29",
        "value": 93244583.25654753
      },
      {
        "date": "2025-01-29",
        "value": 88582354.09372015
      },
      {
        "date": "2024-10-31",
        "value": 84153236.38903414
      },
      {
        "date": "2024-08-02",
        "value": 79945574.56958243
      },
      {
        "date": "2024-05-04",
        "value": 75948295.8411033
      },
      {
        "date": "2024-02-04",
        "value": 72150881.04904814
      },
      {
        "date": "2023-11-06",
        "value": 68543336.99659573
      }
    ],
    "eps_trend": [
      {
        "date": "2025-07-28",
        "value": 0.0007150522894319674
      },
      {
        "date": "2025-04-29",
        "value": 0.0006792996749603689
      },
      {
        "date": "2025-01-29",
        "value": 0.0006453346912123506
      },
      {
        "date": "2024-10-31",
        "value": 0.000613067956651733
      },
      {
        "date": "2024-08-02",
        "value": 0.0005824145588191463
      },
      {
        "date": "2024-05-04",
        "value": 0.0005532938308781889
      },
      {
        "date": "2024-02-04",
        "value": 0.0005256291393342795
      },
      {
        "date": "2023-11-06",
        "value": 0.0004993476823675655
      }
    ],
    "earnings_dates": [
      "2025-07-28",
      "2025-04-29",
      "2025-01-29",
      "2024-10-31",
      "2024-08-02",
      "2024-05-04",
      "2024-02-04",
      "2023-11-06"
    ]
  },
  "analysis": {
    "avg_revenue_growth": 49.31306682013388,
    "avg_earnings_surprise": 1.7495613443636702,
    "consistency_score": 63,
    "trend_direction": "growing"
  }
}