{
  "ticker": "CF",
  "quarters": [
    {
      "date": "2025-07-28",
      "quarter": "Q3 2025",
      "revenue": 117060520.18985528,
      "earnings": 4761318.869488404,
      "eps_actual": 0.0011560411061834314,
      "eps_estimate": 0.0011439872600046454,
      "surprise_percent": 1.0536696168047448,
      "price_on_date": 0.36205949201688675,
      "revenue_growth": 19.683709082713285,
      "earnings_growth": 15.310319714002217
    },
    {
      "date": "2025-04-29",
      "quarter": "Q2 2025",
      "revenue": 111207494.18036251,
      "earnings": 4523252.926013984,
      "eps_actual": 0.0010982390508742599,
      "eps_estimate": 0.001089655441457369,
      "surprise_percent": 0.7877361127486856,
      "price_on_date": 0.3376392126583049,
      "revenue_growth": 18.383016602980746,
      "earnings_growth": 14.48821273893509
    },
    {
      "date": "2025-01-29",
      "quarter": "Q1 2025",
      "revenue": 105647119.47134438,
      "earnings": 4297090.279713284,
      "eps_actual": 0.0010433270983305468,
      "eps_estimate": 0.0010608559936226985,
      "surprise_percent": -1.652335038641075,
      "price_on_date": 0.3238962910510526,
      "revenue_growth": 17.912132103957212,
      "earnings_growth": 15.540585144167432
    },
    {
      "date": "2024-10-31",
      "quarter": "Q4 2024",
      "revenue": 100364763.49777715,
      "earnings": 4082235.7657276196,
      "eps_actual": 0.0009911607434140192,
      "eps_estimate": 0.000957629166772916,
      "surprise_percent": 3.501519983366859,
      "price_on_date": 0.27269555277159285,
      "revenue_growth": 15.460977941810679,
      "earnings_growth": 22.19963758420391
    },
    {
      "date": "2024-08-02",
      "quarter": "Q3 2024",
      "revenue": 95346525.3228883,
      "earnings": 3878123.977441239,
      "eps_actual": 0.0009416027062433184,
      "eps_estimate": 0.000922274341915134,
      "surprise_percent": 2.095728293606051,
      "price_on_date": 0.2641657743909791,
      "revenue_growth": 16.894139779783426,
      "earnings_growth": 18.52004767330501
    },
    {
      "date": "2024-05-04",
      "quarter": "Q2 2024",
      "revenue": 90579199.05674386,
      "earnings": 3684217.778569176,
      "eps_actual": 0.0008945225709311522,
      "eps_estimate": 0.000867550219070096,
      "surprise_percent": 3.109024845843182,
      "price_on_date": 0.24535669108918717,
      "revenue_growth": 18.63847835955787,
      "earnings_growth": 16.15327804802945
    },
    {
      "date": "2024-02-04",
      "quarter": "Q1 2024",
      "revenue": 86050239.10390668,
      "earnings": 3500006.889640718,
      "eps_actual": 0.0008497964423845948,
      "eps_estimate": 0.000832743805849627,
      "surprise_percent": 2.047765040722149,
      "price_on_date": 0.22869375676403778,
      "revenue_growth": 15.98595459966545,
      "earnings_growth": 14.176801468923998
    },
    {
      "date": "2023-11-06",
      "quarter": "Q4 2023",
      "revenue": 81747727.14871134,
      "earnings": 3325006.5451586815,
      "eps_actual": 0.0008073066202653649,
      "eps_estimate": 0.0007726662912326385,
      "surprise_percent": 4.483219913407194,
      "price_on_date": 0.22135607997991266,
      "revenue_growth": 18.7504449229269,
      "earnings_growth": 17.934025971316068
    }
  ],
  "metrics": {
    "revenue_trend": [
      {
        "date": "2025-07-28",
        "value": 117060520.18985528
      },
      {
        "date": "2025-04-29",
        "value": 111207494.18036251
      },
      {
        "date": "2025-01-29",
        "value": 105647119.47134438
      },
      {
        "date": "2024-10-31",
        "value": 100364763.49777715
      },
      {
        "date": "2024-08-02",
        "value": 95346525.3228883
      },
      {
        "date": "2024-05-04",
        "value": 90579199.05674386
      },
      {
        "date": "2024-02-04",
        "value": 86050239.10390668
      },
      {
        "date": "2023-11-06",
        "value": 81747727.14871134
      }
    ],
    "eps_trend": [
      {
        "date": "2025-07-28",
        "value": 0.0011560411061834314
      },
      {
        "date": "2025-04-29",
        "value": 0.0010982390508742599
      },
      {
        "date": "2025-01-29",
        "value": 0.0010433270983305468
      },
      {
        "date": "2024-10-31",
        "value": 0.0009911607434140192
      },
      {
        "date": "2024-08-02",
        "value": 0.0009416027062433184
      },
      {
        "date": "2024-05-04",
        "value": 0.0008945225709311522
      },
      {
        "date": "2024-02-04",
        "value": 0.0008497964423845948
      },
      {
        "date": "2023-11-06",
        "value": 0.0008073066202653649
      }
    ],
    "earnings_dates": [
      "2025-07-28",
      "2025-04-29",
      "2025-01-29",
      "2024-10-31",
      "2024-08-02",
      "2024-05-04",
      "2024-02-04",
      "2023-11-06"
    ]
  },
  "analysis": {
    "avg_revenue_growth": 17.85995893286548,
    "avg_earnings_surprise": 0.9226476685698037,
    "consistency_score": 70,
    "trend_direction": "growing"
  }
}