{
  "ticker": "CFG",
  "quarters": [
    {
      "date": "2025-07-28",
      "quarter": "Q3 2025",
      "revenue": 112245776.24235177,
      "earnings": 7509894.285385454,
      "eps_actual": 0.0022910289763813305,
      "eps_estimate": 0.0022946144157062294,
      "surprise_percent": -0.15625454544158726,
      "price_on_date": 0.43986304697028933,
      "revenue_growth": 36.13308302076079,
      "earnings_growth": 40.08100060538862
    },
    {
      "date": "2025-04-29",
      "quarter": "Q2 2025",
      "revenue": 106633487.43023418,
      "earnings": 7134399.571116181,
      "eps_actual": 0.002176477527562264,
      "eps_estimate": 0.0020824117305450946,
      "surprise_percent": 4.51715650835997,
      "price_on_date": 0.37131803384284695,
      "revenue_growth": 35.66472837217089,
      "earnings_growth": 31.125896237363158
    },
    {
      "date": "2025-01-29",
      "quarter": "Q1 2025",
      "revenue": 101301813.05872247,
      "earnings": 6777679.592560372,
      "eps_actual": 0.002067653651184151,
      "eps_estimate": 0.0021084734141778405,
      "surprise_percent": -1.9359866109389143,
      "price_on_date": 0.34377209078932186,
      "revenue_growth": 34.91545148080704,
      "earnings_growth": 36.616426935186674
    },
    {
      "date": "2024-10-31",
      "quarter": "Q4 2024",
      "revenue": 96236722.40578634,
      "earnings": 6438795.612932353,
      "eps_actual": 0.001964270968624943,
      "eps_estimate": 0.00192518911839213,
      "surprise_percent": 2.0300265495710477,
      "price_on_date": 0.36005492025402847,
      "revenue_growth": 26.94633484221947,
      "earnings_growth": 30.545347853818505
    },
    {
      "date": "2024-08-02",
      "quarter": "Q3 2024",
      "revenue": 91424886.28549702,
      "earnings": 6116855.832285736,
      "eps_actual": 0.001866057420193696,
      "eps_estimate": 0.001875935791435335,
      "surprise_percent": -0.5265836542348185,
      "price_on_date": 0.3416312736093365,
      "revenue_growth": 38.296558896020755,
      "earnings_growth": 31.4249705968606
    },
    {
      "date": "2024-05-04",
      "quarter": "Q2 2024",
      "revenue": 86853641.97122215,
      "earnings": 5811013.040671447,
      "eps_actual": 0.0017727545491840106,
      "eps_estimate": 0.0017402379122557607,
      "surprise_percent": 1.868516752752541,
      "price_on_date": 0.29082863143784404,
      "revenue_growth": 26.206691415504842,
      "earnings_growth": 27.635787701150857
    },
    {
      "date": "2024-02-04",
      "quarter": "Q1 2024",
      "revenue": 82510959.87266105,
      "earnings": 5520462.388637876,
      "eps_actual": 0.0016841168217248104,
      "eps_estimate": 0.001626024111756901,
      "surprise_percent": 3.572684411496262,
      "price_on_date": 0.29647392699283626,
      "revenue_growth": 33.71632239442133,
      "earnings_growth": 33.99492818700535
    },
    {
      "date": "2023-11-06",
      "quarter": "Q4 2023",
      "revenue": 78385411.87902799,
      "earnings": 5244439.269205982,
      "eps_actual": 0.0015999109806385699,
      "eps_estimate": 0.0015474721930023934,
      "surprise_percent": 3.388673985439127,
      "price_on_date": 0.25847275588506724,
      "revenue_growth": 37.88747954939999,
      "earnings_growth": 27.254365514203414
    }
  ],
  "metrics": {
    "revenue_trend": [
      {
        "date": "2025-07-28",
        "value": 112245776.24235177
      },
      {
        "date": "2025-04-29",
        "value": 106633487.43023418
      },
      {
        "date": "2025-01-29",
        "value": 101301813.05872247
      },
      {
        "date": "2024-10-31",
        "value": 96236722.40578634
      },
      {
        "date": "2024-08-02",
        "value": 91424886.28549702
      },
      {
        "date": "2024-05-04",
        "value": 86853641.97122215
      },
      {
        "date": "2024-02-04",
        "value": 82510959.87266105
      },
      {
        "date": "2023-11-06",
        "value": 78385411.87902799
      }
    ],
    "eps_trend": [
      {
        "date": "2025-07-28",
        "value": 0.0022910289763813305
      },
      {
        "date": "2025-04-29",
        "value": 0.002176477527562264
      },
      {
        "date": "2025-01-29",
        "value": 0.002067653651184151
      },
      {
        "date": "2024-10-31",
        "value": 0.001964270968624943
      },
      {
        "date": "2024-08-02",
        "value": 0.001866057420193696
      },
      {
        "date": "2024-05-04",
        "value": 0.0017727545491840106
      },
      {
        "date": "2024-02-04",
        "value": 0.0016841168217248104
      },
      {
        "date": "2023-11-06",
        "value": 0.0015999109806385699
      }
    ],
    "earnings_dates": [
      "2025-07-28",
      "2025-04-29",
      "2025-01-29",
      "2024-10-31",
      "2024-08-02",
      "2024-05-04",
      "2024-02-04",
      "2023-11-06"
    ]
  },
  "analysis": {
    "avg_revenue_growth": 33.41489942898955,
    "avg_earnings_surprise": 1.113735475387629,
    "consistency_score": 76,
    "trend_direction": "growing"
  }
}