{
  "ticker": "CHD",
  "quarters": [
    {
      "date": "2025-07-28",
      "quarter": "Q3 2025",
      "revenue": 22567146.241526045,
      "earnings": 1522351.0909795112,
      "eps_actual": 0.00034901698200439675,
      "eps_estimate": 0.00033629965516335805,
      "surprise_percent": 3.7815462031506506,
      "price_on_date": 0.3122800409187359,
      "revenue_growth": -18.300401961407566,
      "earnings_growth": -15.630512011683496
    },
    {
      "date": "2025-04-29",
      "quarter": "Q2 2025",
      "revenue": 21438788.92944974,
      "earnings": 1446233.5364305356,
      "eps_actual": 0.0003315661329041769,
      "eps_estimate": 0.000318720824621438,
      "surprise_percent": 4.030269530707938,
      "price_on_date": 0.2937365207869575,
      "revenue_growth": -18.559814598755903,
      "earnings_growth": -17.77258180826907
    },
    {
      "date": "2025-01-29",
      "quarter": "Q1 2025",
      "revenue": 20366849.482977256,
      "earnings": 1373921.859609009,
      "eps_actual": 0.0003149878262589681,
      "eps_estimate": 0.0003010008879426719,
      "surprise_percent": 4.646809652920402,
      "price_on_date": 0.31616007763874593,
      "revenue_growth": -13.294906967112889,
      "earnings_growth": -17.487716896976917
    },
    {
      "date": "2024-10-31",
      "quarter": "Q4 2024",
      "revenue": 19348507.00882839,
      "earnings": 1305225.7666285583,
      "eps_actual": 0.00029923843494601964,
      "eps_estimate": 0.0002922598790402583,
      "surprise_percent": 2.387791279691889,
      "price_on_date": 0.2979352626856076,
      "revenue_growth": -12.671144383392294,
      "earnings_growth": -14.643163762981292
    },
    {
      "date": "2024-08-02",
      "quarter": "Q3 2024",
      "revenue": 18381081.65838697,
      "earnings": 1239964.4782971304,
      "eps_actual": 0.0002842765131987187,
      "eps_estimate": 0.0002782476019509762,
      "surprise_percent": 2.1667432910364237,
      "price_on_date": 0.2902737566687182,
      "revenue_growth": -14.969255902487854,
      "earnings_growth": -19.31968301361192
    },
    {
      "date": "2024-05-04",
      "quarter": "Q2 2024",
      "revenue": 17462027.57546762,
      "earnings": 1177966.2543822736,
      "eps_actual": 0.0002700626875387827,
      "eps_estimate": 0.00026556568961584544,
      "surprise_percent": 1.6933655584207425,
      "price_on_date": 0.2673234542252995,
      "revenue_growth": -15.03431419760672,
      "earnings_growth": -14.550806564730822
    },
    {
      "date": "2024-02-04",
      "quarter": "Q1 2024",
      "revenue": 16588926.196694238,
      "earnings": 1119067.94166316,
      "eps_actual": 0.00025655955316184354,
      "eps_estimate": 0.0002531888398571654,
      "surprise_percent": 1.3313040600761392,
      "price_on_date": 0.2516069046618845,
      "revenue_growth": -16.348208733375905,
      "earnings_growth": -13.745457640164075
    },
    {
      "date": "2023-11-06",
      "quarter": "Q4 2023",
      "revenue": 15759479.886859525,
      "earnings": 1063114.5445800018,
      "eps_actual": 0.00024373157550375136,
      "eps_estimate": 0.0002471337084556596,
      "surprise_percent": -1.3766365475467528,
      "price_on_date": 0.24573884189203027,
      "revenue_growth": -15.08993430202237,
      "earnings_growth": -17.95970967805267
    }
  ],
  "metrics": {
    "revenue_trend": [
      {
        "date": "2025-07-28",
        "value": 22567146.241526045
      },
      {
        "date": "2025-04-29",
        "value": 21438788.92944974
      },
      {
        "date": "2025-01-29",
        "value": 20366849.482977256
      },
      {
        "date": "2024-10-31",
        "value": 19348507.00882839
      },
      {
        "date": "2024-08-02",
        "value": 18381081.65838697
      },
      {
        "date": "2024-05-04",
        "value": 17462027.57546762
      },
      {
        "date": "2024-02-04",
        "value": 16588926.196694238
      },
      {
        "date": "2023-11-06",
        "value": 15759479.886859525
      }
    ],
    "eps_trend": [
      {
        "date": "2025-07-28",
        "value": 0.00034901698200439675
      },
      {
        "date": "2025-04-29",
        "value": 0.0003315661329041769
      },
      {
        "date": "2025-01-29",
        "value": 0.0003149878262589681
      },
      {
        "date": "2024-10-31",
        "value": 0.00029923843494601964
      },
      {
        "date": "2024-08-02",
        "value": 0.0002842765131987187
      },
      {
        "date": "2024-05-04",
        "value": 0.0002700626875387827
      },
      {
        "date": "2024-02-04",
        "value": 0.00025655955316184354
      },
      {
        "date": "2023-11-06",
        "value": 0.00024373157550375136
      }
    ],
    "earnings_dates": [
      "2025-07-28",
      "2025-04-29",
      "2025-01-29",
      "2024-10-31",
      "2024-08-02",
      "2024-05-04",
      "2024-02-04",
      "2023-11-06"
    ]
  },
  "analysis": {
    "avg_revenue_growth": -15.706566977667162,
    "avg_earnings_surprise": 3.71160416661772,
    "consistency_score": 88,
    "trend_direction": "declining"
  }
}