{
  "ticker": "CHRW",
  "quarters": [
    {
      "date": "2025-07-28",
      "quarter": "Q3 2025",
      "revenue": 75152722.99380541,
      "earnings": 27938926.539393675,
      "eps_actual": 0.005809278755041552,
      "eps_estimate": 0.0057466643825217385,
      "surprise_percent": 1.0895776811023234,
      "price_on_date": 0.07110783535955299,
      "revenue_growth": 34.79158944504696,
      "earnings_growth": 40.610708221041044
    },
    {
      "date": "2025-04-29",
      "quarter": "Q2 2025",
      "revenue": 71395086.84411514,
      "earnings": 26541980.21242399,
      "eps_actual": 0.005518814817289474,
      "eps_estimate": 0.005295987404706681,
      "surprise_percent": 4.207476256170116,
      "price_on_date": 0.06260266819239069,
      "revenue_growth": 32.27074493521176,
      "earnings_growth": 28.26389002445518
    },
    {
      "date": "2025-01-29",
      "quarter": "Q1 2025",
      "revenue": 67825332.50190938,
      "earnings": 25214881.20180279,
      "eps_actual": 0.005242874076425001,
      "eps_estimate": 0.005145955902639512,
      "surprise_percent": 1.8833852372457383,
      "price_on_date": 0.06484516055427968,
      "revenue_growth": 28.623389046014164,
      "earnings_growth": 24.457688843338026
    },
    {
      "date": "2024-10-31",
      "quarter": "Q4 2024",
      "revenue": 64434065.8768139,
      "earnings": 23954137.141712647,
      "eps_actual": 0.00498073037260375,
      "eps_estimate": 0.004939611083128896,
      "surprise_percent": 0.8324398172822887,
      "price_on_date": 0.06283976537332524,
      "revenue_growth": 36.16695088590072,
      "earnings_growth": 27.300256271353913
    },
    {
      "date": "2024-08-02",
      "quarter": "Q3 2024",
      "revenue": 61212362.582973205,
      "earnings": 22756430.284627013,
      "eps_actual": 0.0047316938539735615,
      "eps_estimate": 0.004691005929401433,
      "surprise_percent": 0.8673603313334541,
      "price_on_date": 0.059207753199078304,
      "revenue_growth": 40.422479674142956,
      "earnings_growth": 37.09439117135115
    },
    {
      "date": "2024-05-04",
      "quarter": "Q2 2024",
      "revenue": 58151744.453824535,
      "earnings": 21618608.77039566,
      "eps_actual": 0.004495109161274883,
      "eps_estimate": 0.004528749231755689,
      "surprise_percent": -0.7428115084165158,
      "price_on_date": 0.05167864782337638,
      "revenue_growth": 28.807328092672176,
      "earnings_growth": 40.833643932998214
    },
    {
      "date": "2024-02-04",
      "quarter": "Q1 2024",
      "revenue": 55244157.23113331,
      "earnings": 20537678.33187588,
      "eps_actual": 0.00427035370321114,
      "eps_estimate": 0.0043424071449425896,
      "surprise_percent": -1.6592972359896603,
      "price_on_date": 0.049455164035153334,
      "revenue_growth": 27.80642789910568,
      "earnings_growth": 26.862367668739655
    },
    {
      "date": "2023-11-06",
      "quarter": "Q4 2023",
      "revenue": 52481949.36957664,
      "earnings": 19510794.41528208,
      "eps_actual": 0.004056836018050582,
      "eps_estimate": 0.003953488311060191,
      "surprise_percent": 2.6140890995242763,
      "price_on_date": 0.044995531166339274,
      "revenue_growth": 40.667572385642515,
      "earnings_growth": 42.97561445659428
    }
  ],
  "metrics": {
    "revenue_trend": [
      {
        "date": "2025-07-28",
        "value": 75152722.99380541
      },
      {
        "date": "2025-04-29",
        "value": 71395086.84411514
      },
      {
        "date": "2025-01-29",
        "value": 67825332.50190938
      },
      {
        "date": "2024-10-31",
        "value": 64434065.8768139
      },
      {
        "date": "2024-08-02",
        "value": 61212362.582973205
      },
      {
        "date": "2024-05-04",
        "value": 58151744.453824535
      },
      {
        "date": "2024-02-04",
        "value": 55244157.23113331
      },
      {
        "date": "2023-11-06",
        "value": 52481949.36957664
      }
    ],
    "eps_trend": [
      {
        "date": "2025-07-28",
        "value": 0.005809278755041552
      },
      {
        "date": "2025-04-29",
        "value": 0.005518814817289474
      },
      {
        "date": "2025-01-29",
        "value": 0.005242874076425001
      },
      {
        "date": "2024-10-31",
        "value": 0.00498073037260375
      },
      {
        "date": "2024-08-02",
        "value": 0.0047316938539735615
      },
      {
        "date": "2024-05-04",
        "value": 0.004495109161274883
      },
      {
        "date": "2024-02-04",
        "value": 0.00427035370321114
      },
      {
        "date": "2023-11-06",
        "value": 0.004056836018050582
      }
    ],
    "earnings_dates": [
      "2025-07-28",
      "2025-04-29",
      "2025-01-29",
      "2024-10-31",
      "2024-08-02",
      "2024-05-04",
      "2024-02-04",
      "2023-11-06"
    ]
  },
  "analysis": {
    "avg_revenue_growth": 32.9631685780434,
    "avg_earnings_surprise": 2.0032197479501166,
    "consistency_score": 84,
    "trend_direction": "growing"
  }
}