{
  "ticker": "CHTR",
  "quarters": [
    {
      "date": "2025-07-28",
      "quarter": "Q3 2025",
      "revenue": 61216642.8355721,
      "earnings": 16478139.377034552,
      "eps_actual": 0.009586106967536902,
      "eps_estimate": 0.009640154231819527,
      "surprise_percent": -0.5606472986109471,
      "price_on_date": 0.4708735880688304,
      "revenue_growth": 24.45792898797221,
      "earnings_growth": 21.610147114209106
    },
    {
      "date": "2025-04-29",
      "quarter": "Q2 2025",
      "revenue": 58155810.69379349,
      "earnings": 15654232.408182824,
      "eps_actual": 0.009106801619160056,
      "eps_estimate": 0.008696229893391513,
      "surprise_percent": 4.7212611764156165,
      "price_on_date": 0.48149376934308125,
      "revenue_growth": 27.29400113113137,
      "earnings_growth": 31.4172638217496
    },
    {
      "date": "2025-01-29",
      "quarter": "Q1 2025",
      "revenue": 55248020.15910382,
      "earnings": 14871520.787773684,
      "eps_actual": 0.008651461538202055,
      "eps_estimate": 0.00840199356296594,
      "surprise_percent": 2.9691521823548306,
      "price_on_date": 0.49238974428653615,
      "revenue_growth": 23.50487943352136,
      "earnings_growth": 21.703483016897316
    },
    {
      "date": "2024-10-31",
      "quarter": "Q4 2024",
      "revenue": 52485619.151148625,
      "earnings": 14127944.748385,
      "eps_actual": 0.008218888461291951,
      "eps_estimate": 0.007855303867732318,
      "surprise_percent": 4.628523602417866,
      "price_on_date": 0.46185121634210385,
      "revenue_growth": 24.176306593084387,
      "earnings_growth": 25.985359450936357
    },
    {
      "date": "2024-08-02",
      "quarter": "Q3 2024",
      "revenue": 49861338.19359119,
      "earnings": 13421547.510965748,
      "eps_actual": 0.0078079440382273525,
      "eps_estimate": 0.007490653562256117,
      "surprise_percent": 4.23581832124766,
      "price_on_date": 0.4299814825063614,
      "revenue_growth": 25.2811947612671,
      "earnings_growth": 34.94657562965289
    },
    {
      "date": "2024-05-04",
      "quarter": "Q2 2024",
      "revenue": 47368271.28391162,
      "earnings": 12750470.135417458,
      "eps_actual": 0.007417546836315984,
      "eps_estimate": 0.007532869397009837,
      "surprise_percent": -1.530924732873104,
      "price_on_date": 0.4156739373322114,
      "revenue_growth": 25.601522820078248,
      "earnings_growth": 25.250602282426417
    },
    {
      "date": "2024-02-04",
      "quarter": "Q1 2024",
      "revenue": 44999857.71971604,
      "earnings": 12112946.628646586,
      "eps_actual": 0.007046669494500185,
      "eps_estimate": 0.00675972386891215,
      "surprise_percent": 4.244931171045205,
      "price_on_date": 0.38350301094786365,
      "revenue_growth": 31.33891171526656,
      "earnings_growth": 30.518339402626474
    },
    {
      "date": "2023-11-06",
      "quarter": "Q4 2023",
      "revenue": 42749864.833730236,
      "earnings": 11507299.297214255,
      "eps_actual": 0.006694336019775175,
      "eps_estimate": 0.006508052861483493,
      "surprise_percent": 2.8623485742434314,
      "price_on_date": 0.31893944692596404,
      "revenue_growth": 32.820262029807644,
      "earnings_growth": 25.07974765946646
    }
  ],
  "metrics": {
    "revenue_trend": [
      {
        "date": "2025-07-28",
        "value": 61216642.8355721
      },
      {
        "date": "2025-04-29",
        "value": 58155810.69379349
      },
      {
        "date": "2025-01-29",
        "value": 55248020.15910382
      },
      {
        "date": "2024-10-31",
        "value": 52485619.151148625
      },
      {
        "date": "2024-08-02",
        "value": 49861338.19359119
      },
      {
        "date": "2024-05-04",
        "value": 47368271.28391162
      },
      {
        "date": "2024-02-04",
        "value": 44999857.71971604
      },
      {
        "date": "2023-11-06",
        "value": 42749864.833730236
      }
    ],
    "eps_trend": [
      {
        "date": "2025-07-28",
        "value": 0.009586106967536902
      },
      {
        "date": "2025-04-29",
        "value": 0.009106801619160056
      },
      {
        "date": "2025-01-29",
        "value": 0.008651461538202055
      },
      {
        "date": "2024-10-31",
        "value": 0.008218888461291951
      },
      {
        "date": "2024-08-02",
        "value": 0.0078079440382273525
      },
      {
        "date": "2024-05-04",
        "value": 0.007417546836315984
      },
      {
        "date": "2024-02-04",
        "value": 0.007046669494500185
      },
      {
        "date": "2023-11-06",
        "value": 0.006694336019775175
      }
    ],
    "earnings_dates": [
      "2025-07-28",
      "2025-04-29",
      "2025-01-29",
      "2024-10-31",
      "2024-08-02",
      "2024-05-04",
      "2024-02-04",
      "2023-11-06"
    ]
  },
  "analysis": {
    "avg_revenue_growth": 24.85827903642733,
    "avg_earnings_surprise": 2.9395724156443417,
    "consistency_score": 77,
    "trend_direction": "growing"
  }
}