{
  "ticker": "CI",
  "quarters": [
    {
      "date": "2025-07-28",
      "quarter": "Q3 2025",
      "revenue": 86672751.68286662,
      "earnings": 3368977.816970798,
      "eps_actual": 0.001336434222872818,
      "eps_estimate": 0.0012740844443547563,
      "surprise_percent": 4.89369278420457,
      "price_on_date": 0.4468695442381839,
      "revenue_growth": -14.67691993978555,
      "earnings_growth": -22.761782450623944
    },
    {
      "date": "2025-04-29",
      "quarter": "Q2 2025",
      "revenue": 82339114.09872328,
      "earnings": 3200528.926122258,
      "eps_actual": 0.0012696125117291769,
      "eps_estimate": 0.0012604765518355382,
      "surprise_percent": 0.7248020504891337,
      "price_on_date": 0.46026867619459766,
      "revenue_growth": -20.36067181317609,
      "earnings_growth": -18.576546216451685
    },
    {
      "date": "2025-01-29",
      "quarter": "Q1 2025",
      "revenue": 78222158.39378712,
      "earnings": 3040502.479816145,
      "eps_actual": 0.0012061318861427178,
      "eps_estimate": 0.0011462480385802816,
      "surprise_percent": 5.224335880793047,
      "price_on_date": 0.40335516116466924,
      "revenue_growth": -14.182992076649327,
      "earnings_growth": -16.691518586071986
    },
    {
      "date": "2024-10-31",
      "quarter": "Q4 2024",
      "revenue": 74311050.47409776,
      "earnings": 2888477.3558253376,
      "eps_actual": 0.001145825291835582,
      "eps_estimate": 0.0010917023352879805,
      "surprise_percent": 4.957666096163879,
      "price_on_date": 0.41453704656467316,
      "revenue_growth": -17.208377155926655,
      "earnings_growth": -16.33673983588202
    },
    {
      "date": "2024-08-02",
      "quarter": "Q3 2024",
      "revenue": 70595497.95039287,
      "earnings": 2744053.488034071,
      "eps_actual": 0.001088534027243803,
      "eps_estimate": 0.0010935636098802295,
      "surprise_percent": -0.45992593306733215,
      "price_on_date": 0.42239783274328496,
      "revenue_growth": -14.732564055251618,
      "earnings_growth": -19.854544193179215
    },
    {
      "date": "2024-05-04",
      "quarter": "Q2 2024",
      "revenue": 67065723.05287322,
      "earnings": 2606850.8136323667,
      "eps_actual": 0.0010341073258816125,
      "eps_estimate": 0.0010293108578337813,
      "surprise_percent": 0.4659882883121973,
      "price_on_date": 0.4032064381182157,
      "revenue_growth": -18.9794570633389,
      "earnings_growth": -20.169569444530655
    },
    {
      "date": "2024-02-04",
      "quarter": "Q1 2024",
      "revenue": 63712436.90022956,
      "earnings": 2476508.2729507484,
      "eps_actual": 0.000982401959587532,
      "eps_estimate": 0.0009826747375267938,
      "surprise_percent": -0.027758721054365703,
      "price_on_date": 0.31825358543016663,
      "revenue_growth": -18.027053999578996,
      "earnings_growth": -19.013247558498115
    },
    {
      "date": "2023-11-06",
      "quarter": "Q4 2023",
      "revenue": 60526815.05521807,
      "earnings": 2352682.859303211,
      "eps_actual": 0.0009332818616081553,
      "eps_estimate": 0.0009459670662610265,
      "surprise_percent": -1.3409774087601234,
      "price_on_date": 0.31533422134533967,
      "revenue_growth": -18.260962497492354,
      "earnings_growth": -12.502537782703746
    }
  ],
  "metrics": {
    "revenue_trend": [
      {
        "date": "2025-07-28",
        "value": 86672751.68286662
      },
      {
        "date": "2025-04-29",
        "value": 82339114.09872328
      },
      {
        "date": "2025-01-29",
        "value": 78222158.39378712
      },
      {
        "date": "2024-10-31",
        "value": 74311050.47409776
      },
      {
        "date": "2024-08-02",
        "value": 70595497.95039287
      },
      {
        "date": "2024-05-04",
        "value": 67065723.05287322
      },
      {
        "date": "2024-02-04",
        "value": 63712436.90022956
      },
      {
        "date": "2023-11-06",
        "value": 60526815.05521807
      }
    ],
    "eps_trend": [
      {
        "date": "2025-07-28",
        "value": 0.001336434222872818
      },
      {
        "date": "2025-04-29",
        "value": 0.0012696125117291769
      },
      {
        "date": "2025-01-29",
        "value": 0.0012061318861427178
      },
      {
        "date": "2024-10-31",
        "value": 0.001145825291835582
      },
      {
        "date": "2024-08-02",
        "value": 0.001088534027243803
      },
      {
        "date": "2024-05-04",
        "value": 0.0010341073258816125
      },
      {
        "date": "2024-02-04",
        "value": 0.000982401959587532
      },
      {
        "date": "2023-11-06",
        "value": 0.0009332818616081553
      }
    ],
    "earnings_dates": [
      "2025-07-28",
      "2025-04-29",
      "2025-01-29",
      "2024-10-31",
      "2024-08-02",
      "2024-05-04",
      "2024-02-04",
      "2023-11-06"
    ]
  },
  "analysis": {
    "avg_revenue_growth": -16.607240246384407,
    "avg_earnings_surprise": 3.950124202912658,
    "consistency_score": 93,
    "trend_direction": "declining"
  }
}