{
  "ticker": "CINF",
  "quarters": [
    {
      "date": "2025-07-28",
      "quarter": "Q3 2025",
      "revenue": 116384162.42736667,
      "earnings": 5549880.933898137,
      "eps_actual": 0.001976838150696618,
      "eps_estimate": 0.0019042225352709173,
      "surprise_percent": 3.81339964634802,
      "price_on_date": 0.6506010847847858,
      "revenue_growth": 42.45437761538257,
      "earnings_growth": 51.452140627121324
    },
    {
      "date": "2025-04-29",
      "quarter": "Q2 2025",
      "revenue": 110564954.30599834,
      "earnings": 5272386.88720323,
      "eps_actual": 0.0018779962431617865,
      "eps_estimate": 0.0018371390773475945,
      "surprise_percent": 2.223956058524453,
      "price_on_date": 0.6113095545807536,
      "revenue_growth": 47.3514030974744,
      "earnings_growth": 55.909113799253824
    },
    {
      "date": "2025-01-29",
      "quarter": "Q1 2025",
      "revenue": 105036706.59069842,
      "earnings": 5008767.542843068,
      "eps_actual": 0.0017840964310036973,
      "eps_estimate": 0.0017632231410634547,
      "surprise_percent": 1.1838144279148528,
      "price_on_date": 0.6226025140674608,
      "revenue_growth": 53.56048089785715,
      "earnings_growth": 47.324725383432074
    },
    {
      "date": "2024-10-31",
      "quarter": "Q4 2024",
      "revenue": 99784871.26116349,
      "earnings": 4758329.165700914,
      "eps_actual": 0.0016948916094535122,
      "eps_estimate": 0.001709342767355465,
      "surprise_percent": -0.8454218883384188,
      "price_on_date": 0.5775933124687302,
      "revenue_growth": 49.341094339213456,
      "earnings_growth": 35.71863498855963
    },
    {
      "date": "2024-08-02",
      "quarter": "Q3 2024",
      "revenue": 94795627.6981053,
      "earnings": 4520412.7074158685,
      "eps_actual": 0.0016101470289808368,
      "eps_estimate": 0.001556761290956029,
      "surprise_percent": 3.429282211405883,
      "price_on_date": 0.5395245067134379,
      "revenue_growth": 54.99034554420017,
      "earnings_growth": 40.01046899512624
    },
    {
      "date": "2024-05-04",
      "quarter": "Q2 2024",
      "revenue": 90055846.31320003,
      "earnings": 4294392.072045074,
      "eps_actual": 0.0015296396775317943,
      "eps_estimate": 0.0014759070874355124,
      "surprise_percent": 3.640648558009559,
      "price_on_date": 0.5616057997099156,
      "revenue_growth": 45.64109274914012,
      "earnings_growth": 49.84568106849081
    },
    {
      "date": "2024-02-04",
      "quarter": "Q1 2024",
      "revenue": 85553053.99754003,
      "earnings": 4079672.4684428205,
      "eps_actual": 0.0014531576936552047,
      "eps_estimate": 0.0014278984170233242,
      "surprise_percent": 1.7689827463032974,
      "price_on_date": 0.49594631717120186,
      "revenue_growth": 43.70231714678999,
      "earnings_growth": 41.50402952250373
    },
    {
      "date": "2023-11-06",
      "quarter": "Q4 2023",
      "revenue": 81275401.29766302,
      "earnings": 3875688.8450206793,
      "eps_actual": 0.0013804998089724445,
      "eps_estimate": 0.0013699281655814562,
      "surprise_percent": 0.7716932651356381,
      "price_on_date": 0.47341466495163487,
      "revenue_growth": 42.60421446309752,
      "earnings_growth": 53.76664424375614
    }
  ],
  "metrics": {
    "revenue_trend": [
      {
        "date": "2025-07-28",
        "value": 116384162.42736667
      },
      {
        "date": "2025-04-29",
        "value": 110564954.30599834
      },
      {
        "date": "2025-01-29",
        "value": 105036706.59069842
      },
      {
        "date": "2024-10-31",
        "value": 99784871.26116349
      },
      {
        "date": "2024-08-02",
        "value": 94795627.6981053
      },
      {
        "date": "2024-05-04",
        "value": 90055846.31320003
      },
      {
        "date": "2024-02-04",
        "value": 85553053.99754003
      },
      {
        "date": "2023-11-06",
        "value": 81275401.29766302
      }
    ],
    "eps_trend": [
      {
        "date": "2025-07-28",
        "value": 0.001976838150696618
      },
      {
        "date": "2025-04-29",
        "value": 0.0018779962431617865
      },
      {
        "date": "2025-01-29",
        "value": 0.0017840964310036973
      },
      {
        "date": "2024-10-31",
        "value": 0.0016948916094535122
      },
      {
        "date": "2024-08-02",
        "value": 0.0016101470289808368
      },
      {
        "date": "2024-05-04",
        "value": 0.0015296396775317943
      },
      {
        "date": "2024-02-04",
        "value": 0.0014531576936552047
      },
      {
        "date": "2023-11-06",
        "value": 0.0013804998089724445
      }
    ],
    "earnings_dates": [
      "2025-07-28",
      "2025-04-29",
      "2025-01-29",
      "2024-10-31",
      "2024-08-02",
      "2024-05-04",
      "2024-02-04",
      "2023-11-06"
    ]
  },
  "analysis": {
    "avg_revenue_growth": 48.17683898748189,
    "avg_earnings_surprise": 1.5939370611122268,
    "consistency_score": 78,
    "trend_direction": "growing"
  }
}