{
  "ticker": "CL",
  "quarters": [
    {
      "date": "2025-07-28",
      "quarter": "Q3 2025",
      "revenue": 29113139.399860214,
      "earnings": 2990603.793802002,
      "eps_actual": 0.0012256150849858322,
      "eps_estimate": 0.0011809407633798568,
      "surprise_percent": 3.7829434795795565,
      "price_on_date": 0.2022099339768141,
      "revenue_growth": -5.09433284988345,
      "earnings_growth": -4.346028778736356
    },
    {
      "date": "2025-04-29",
      "quarter": "Q2 2025",
      "revenue": 27657482.429867204,
      "earnings": 2841073.604111902,
      "eps_actual": 0.0011643343307365405,
      "eps_estimate": 0.0011529103075297693,
      "surprise_percent": 0.9908856857432748,
      "price_on_date": 0.2052624667135223,
      "revenue_growth": -4.9222363674707506,
      "earnings_growth": -5.8973896659415
    },
    {
      "date": "2025-01-29",
      "quarter": "Q1 2025",
      "revenue": 26274608.308373842,
      "earnings": 2699019.9239063067,
      "eps_actual": 0.0011061176141997134,
      "eps_estimate": 0.0011245981153470293,
      "surprise_percent": -1.643298249847517,
      "price_on_date": 0.18316668027381697,
      "revenue_growth": -5.274397564817515,
      "earnings_growth": -5.66841314415155
    },
    {
      "date": "2024-10-31",
      "quarter": "Q4 2024",
      "revenue": 24960877.892955147,
      "earnings": 2564068.927710991,
      "eps_actual": 0.0010508117334897275,
      "eps_estimate": 0.0010167551656071387,
      "surprise_percent": 3.3495347783409075,
      "price_on_date": 0.15797212209905123,
      "revenue_growth": -6.102686104222755,
      "earnings_growth": -6.673760383660534
    },
    {
      "date": "2024-08-02",
      "quarter": "Q3 2024",
      "revenue": 23712833.998307392,
      "earnings": 2435865.481325442,
      "eps_actual": 0.0009982711468152414,
      "eps_estimate": 0.000992258663029139,
      "surprise_percent": 0.6059391578147278,
      "price_on_date": 0.15214940318396822,
      "revenue_growth": -5.931872809099849,
      "earnings_growth": -6.240740935531495
    },
    {
      "date": "2024-05-04",
      "quarter": "Q2 2024",
      "revenue": 22527192.298392016,
      "earnings": 2314072.2072591693,
      "eps_actual": 0.0009483575894744791,
      "eps_estimate": 0.0009475213438692803,
      "surprise_percent": 0.0882561232640943,
      "price_on_date": 0.16118341356260232,
      "revenue_growth": -4.215576610824269,
      "earnings_growth": -4.087062085568521
    },
    {
      "date": "2024-02-04",
      "quarter": "Q1 2024",
      "revenue": 21400832.683472417,
      "earnings": 2198368.5968962107,
      "eps_actual": 0.0009009397100007551,
      "eps_estimate": 0.0009109763324365936,
      "surprise_percent": -1.1017434897560379,
      "price_on_date": 0.13924293273193775,
      "revenue_growth": -5.566665856928313,
      "earnings_growth": -3.9566289901687286
    },
    {
      "date": "2023-11-06",
      "quarter": "Q4 2023",
      "revenue": 20330791.049298793,
      "earnings": 2088450.1670513998,
      "eps_actual": 0.0008558927245007173,
      "eps_estimate": 0.0008423199090042989,
      "surprise_percent": 1.6113611172342668,
      "price_on_date": 0.1473797838430893,
      "revenue_growth": -5.6800435303048955,
      "earnings_growth": -4.249449163845972
    }
  ],
  "metrics": {
    "revenue_trend": [
      {
        "date": "2025-07-28",
        "value": 29113139.399860214
      },
      {
        "date": "2025-04-29",
        "value": 27657482.429867204
      },
      {
        "date": "2025-01-29",
        "value": 26274608.308373842
      },
      {
        "date": "2024-10-31",
        "value": 24960877.892955147
      },
      {
        "date": "2024-08-02",
        "value": 23712833.998307392
      },
      {
        "date": "2024-05-04",
        "value": 22527192.298392016
      },
      {
        "date": "2024-02-04",
        "value": 21400832.683472417
      },
      {
        "date": "2023-11-06",
        "value": 20330791.049298793
      }
    ],
    "eps_trend": [
      {
        "date": "2025-07-28",
        "value": 0.0012256150849858322
      },
      {
        "date": "2025-04-29",
        "value": 0.0011643343307365405
      },
      {
        "date": "2025-01-29",
        "value": 0.0011061176141997134
      },
      {
        "date": "2024-10-31",
        "value": 0.0010508117334897275
      },
      {
        "date": "2024-08-02",
        "value": 0.0009982711468152414
      },
      {
        "date": "2024-05-04",
        "value": 0.0009483575894744791
      },
      {
        "date": "2024-02-04",
        "value": 0.0009009397100007551
      },
      {
        "date": "2023-11-06",
        "value": 0.0008558927245007173
      }
    ],
    "earnings_dates": [
      "2025-07-28",
      "2025-04-29",
      "2025-01-29",
      "2024-10-31",
      "2024-08-02",
      "2024-05-04",
      "2024-02-04",
      "2023-11-06"
    ]
  },
  "analysis": {
    "avg_revenue_growth": -5.3484132215986175,
    "avg_earnings_surprise": 1.6200164234540555,
    "consistency_score": 88,
    "trend_direction": "declining"
  }
}