{
  "ticker": "CLX",
  "quarters": [
    {
      "date": "2025-07-28",
      "quarter": "Q3 2025",
      "revenue": 49499430.50975967,
      "earnings": 847579.6394003243,
      "eps_actual": 0.00040739912200029704,
      "eps_estimate": 0.00040533298350534005,
      "surprise_percent": 0.5097385554683753,
      "price_on_date": 0.4644296284089077,
      "revenue_growth": 1.1639885388375428,
      "earnings_growth": 1.6094436906486278
    },
    {
      "date": "2025-04-29",
      "quarter": "Q2 2025",
      "revenue": 47024458.98427168,
      "earnings": 805200.657430308,
      "eps_actual": 0.00038702916590028217,
      "eps_estimate": 0.00036958341385806093,
      "surprise_percent": 4.720382838641485,
      "price_on_date": 0.438416314293425,
      "revenue_growth": 1.4699063203328364,
      "earnings_growth": 1.5197006158263024
    },
    {
      "date": "2025-01-29",
      "quarter": "Q1 2025",
      "revenue": 44673236.0350581,
      "earnings": 764940.6245587927,
      "eps_actual": 0.00036767770760526806,
      "eps_estimate": 0.00035374300101268815,
      "surprise_percent": 3.939217610719626,
      "price_on_date": 0.40765454058018935,
      "revenue_growth": 1.1828323422392784,
      "earnings_growth": 1.1877176760614472
    },
    {
      "date": "2024-10-31",
      "quarter": "Q4 2024",
      "revenue": 42439574.23330519,
      "earnings": 726693.593330853,
      "eps_actual": 0.00034929382222500464,
      "eps_estimate": 0.0003551849835439908,
      "surprise_percent": -1.6586177884562865,
      "price_on_date": 0.379446634878064,
      "revenue_growth": 1.323975111682244,
      "earnings_growth": 1.27366933606212
    },
    {
      "date": "2024-08-02",
      "quarter": "Q3 2024",
      "revenue": 40317595.521639936,
      "earnings": 690358.9136643104,
      "eps_actual": 0.0003318291311137544,
      "eps_estimate": 0.00032360678477468425,
      "surprise_percent": 2.5408448542866893,
      "price_on_date": 0.4001099519515567,
      "revenue_growth": 1.5606453664768278,
      "earnings_growth": 1.1406426324326755
    },
    {
      "date": "2024-05-04",
      "quarter": "Q2 2024",
      "revenue": 38301715.74555793,
      "earnings": 655840.9679810946,
      "eps_actual": 0.0003152376745580666,
      "eps_estimate": 0.000307503723469935,
      "surprise_percent": 2.5150755902595603,
      "price_on_date": 0.4040630921182752,
      "revenue_growth": 1.3149605839336163,
      "earnings_growth": 1.515369899337533
    },
    {
      "date": "2024-02-04",
      "quarter": "Q1 2024",
      "revenue": 36386629.958280034,
      "earnings": 623048.9195820399,
      "eps_actual": 0.00029947579083016324,
      "eps_estimate": 0.00029043436203248543,
      "surprise_percent": 3.113071309608508,
      "price_on_date": 0.34237324838102123,
      "revenue_growth": 1.3977763314982166,
      "earnings_growth": 1.19829845188992
    },
    {
      "date": "2023-11-06",
      "quarter": "Q4 2023",
      "revenue": 34567298.460366026,
      "earnings": 591896.4736029379,
      "eps_actual": 0.00028450200128865506,
      "eps_estimate": 0.0002731207524953609,
      "surprise_percent": 4.167112417972514,
      "price_on_date": 0.3569919858551925,
      "revenue_growth": 1.6199040617398037,
      "earnings_growth": 1.2436546410432565
    }
  ],
  "metrics": {
    "revenue_trend": [
      {
        "date": "2025-07-28",
        "value": 49499430.50975967
      },
      {
        "date": "2025-04-29",
        "value": 47024458.98427168
      },
      {
        "date": "2025-01-29",
        "value": 44673236.0350581
      },
      {
        "date": "2024-10-31",
        "value": 42439574.23330519
      },
      {
        "date": "2024-08-02",
        "value": 40317595.521639936
      },
      {
        "date": "2024-05-04",
        "value": 38301715.74555793
      },
      {
        "date": "2024-02-04",
        "value": 36386629.958280034
      },
      {
        "date": "2023-11-06",
        "value": 34567298.460366026
      }
    ],
    "eps_trend": [
      {
        "date": "2025-07-28",
        "value": 0.00040739912200029704
      },
      {
        "date": "2025-04-29",
        "value": 0.00038702916590028217
      },
      {
        "date": "2025-01-29",
        "value": 0.00036767770760526806
      },
      {
        "date": "2024-10-31",
        "value": 0.00034929382222500464
      },
      {
        "date": "2024-08-02",
        "value": 0.0003318291311137544
      },
      {
        "date": "2024-05-04",
        "value": 0.0003152376745580666
      },
      {
        "date": "2024-02-04",
        "value": 0.00029947579083016324
      },
      {
        "date": "2023-11-06",
        "value": 0.00028450200128865506
      }
    ],
    "earnings_dates": [
      "2025-07-28",
      "2025-04-29",
      "2025-01-29",
      "2024-10-31",
      "2024-08-02",
      "2024-05-04",
      "2024-02-04",
      "2023-11-06"
    ]
  },
  "analysis": {
    "avg_revenue_growth": 1.2851755782729752,
    "avg_earnings_surprise": 1.8776803040932997,
    "consistency_score": 71,
    "trend_direction": "stable"
  }
}