{
  "ticker": "CMCSA",
  "quarters": [
    {
      "date": "2025-07-28",
      "quarter": "Q3 2025",
      "revenue": 67711156.54885367,
      "earnings": 18595372.35374824,
      "eps_actual": 0.20898640768347848,
      "eps_estimate": 0.20005527667551548,
      "surprise_percent": 4.464331636925061,
      "price_on_date": 8.070220318706587,
      "revenue_growth": 0.6323943202704471,
      "earnings_growth": 0.9104847545824193
    },
    {
      "date": "2025-04-29",
      "quarter": "Q2 2025",
      "revenue": 64325598.72141098,
      "earnings": 17665603.736060828,
      "eps_actual": 0.19853708729930455,
      "eps_estimate": 0.19797001794741573,
      "surprise_percent": 0.2864420369146254,
      "price_on_date": 8.217460740414431,
      "revenue_growth": 0.6552019747959261,
      "earnings_growth": 0.5993749175262526
    },
    {
      "date": "2025-01-29",
      "quarter": "Q1 2025",
      "revenue": 61109318.78534043,
      "earnings": 16782323.549257785,
      "eps_actual": 0.18861023293433932,
      "eps_estimate": 0.18727848112022058,
      "surprise_percent": 0.711107761101415,
      "price_on_date": 7.593977966595379,
      "revenue_growth": 0.5751137487208193,
      "earnings_growth": 0.6087671396218266
    },
    {
      "date": "2024-10-31",
      "quarter": "Q4 2024",
      "revenue": 58053852.846073404,
      "earnings": 15943207.371794896,
      "eps_actual": 0.17917972128762236,
      "eps_estimate": 0.18165319778248834,
      "surprise_percent": -1.3616476478590407,
      "price_on_date": 7.379926444695805,
      "revenue_growth": 0.7019798982571236,
      "earnings_growth": 0.9092753211720832
    },
    {
      "date": "2024-08-02",
      "quarter": "Q3 2024",
      "revenue": 55151160.203769736,
      "earnings": 15146047.003205152,
      "eps_actual": 0.17022073522324124,
      "eps_estimate": 0.17129120529734446,
      "surprise_percent": -0.6249416438193568,
      "price_on_date": 6.009603380558528,
      "revenue_growth": 0.5890065866507661,
      "earnings_growth": 0.5833513465039064
    },
    {
      "date": "2024-05-04",
      "quarter": "Q2 2024",
      "revenue": 52393602.19358124,
      "earnings": 14388744.65304489,
      "eps_actual": 0.16170969846207914,
      "eps_estimate": 0.16028424700250146,
      "surprise_percent": 0.8893272334837931,
      "price_on_date": 6.3039361164249454,
      "revenue_growth": 0.6948653712074635,
      "earnings_growth": 0.5042750369838725
    },
    {
      "date": "2024-02-04",
      "quarter": "Q1 2024",
      "revenue": 49773922.08390218,
      "earnings": 13669307.420392647,
      "eps_actual": 0.15362421353897518,
      "eps_estimate": 0.1514605610102607,
      "surprise_percent": 1.4285253628288754,
      "price_on_date": 5.63785709939095,
      "revenue_growth": 0.7172188803995276,
      "earnings_growth": 0.5553850723440168
    },
    {
      "date": "2023-11-06",
      "quarter": "Q4 2023",
      "revenue": 47285225.97970706,
      "earnings": 12985842.049373012,
      "eps_actual": 0.14594300286202638,
      "eps_estimate": 0.14743736912267566,
      "surprise_percent": -1.0135600421667084,
      "price_on_date": 5.615543196583531,
      "revenue_growth": 0.8344705208800348,
      "earnings_growth": 0.6558437710184183
    }
  ],
  "metrics": {
    "revenue_trend": [
      {
        "date": "2025-07-28",
        "value": 67711156.54885367
      },
      {
        "date": "2025-04-29",
        "value": 64325598.72141098
      },
      {
        "date": "2025-01-29",
        "value": 61109318.78534043
      },
      {
        "date": "2024-10-31",
        "value": 58053852.846073404
      },
      {
        "date": "2024-08-02",
        "value": 55151160.203769736
      },
      {
        "date": "2024-05-04",
        "value": 52393602.19358124
      },
      {
        "date": "2024-02-04",
        "value": 49773922.08390218
      },
      {
        "date": "2023-11-06",
        "value": 47285225.97970706
      }
    ],
    "eps_trend": [
      {
        "date": "2025-07-28",
        "value": 0.20898640768347848
      },
      {
        "date": "2025-04-29",
        "value": 0.19853708729930455
      },
      {
        "date": "2025-01-29",
        "value": 0.18861023293433932
      },
      {
        "date": "2024-10-31",
        "value": 0.17917972128762236
      },
      {
        "date": "2024-08-02",
        "value": 0.17022073522324124
      },
      {
        "date": "2024-05-04",
        "value": 0.16170969846207914
      },
      {
        "date": "2024-02-04",
        "value": 0.15362421353897518
      },
      {
        "date": "2023-11-06",
        "value": 0.14594300286202638
      }
    ],
    "earnings_dates": [
      "2025-07-28",
      "2025-04-29",
      "2025-01-29",
      "2024-10-31",
      "2024-08-02",
      "2024-05-04",
      "2024-02-04",
      "2023-11-06"
    ]
  },
  "analysis": {
    "avg_revenue_growth": 0.6411724855110791,
    "avg_earnings_surprise": 1.025058446770515,
    "consistency_score": 87,
    "trend_direction": "stable"
  }
}