{
  "ticker": "CME",
  "quarters": [
    {
      "date": "2025-07-28",
      "quarter": "Q3 2025",
      "revenue": 2391627577.5909348,
      "earnings": 182840357.31586134,
      "eps_actual": 0.060062668815001205,
      "eps_estimate": 0.05803091672293821,
      "surprise_percent": 3.5011545686299517,
      "price_on_date": 26.35328881577788,
      "revenue_growth": 20.437921344529247,
      "earnings_growth": 26.793628796241357
    },
    {
      "date": "2025-04-29",
      "quarter": "Q2 2025",
      "revenue": 2272046198.711388,
      "earnings": 173698339.4500683,
      "eps_actual": 0.05705953537425115,
      "eps_estimate": 0.05756465984692744,
      "surprise_percent": -0.8774905888777714,
      "price_on_date": 25.607750266003602,
      "revenue_growth": 21.012737711642256,
      "earnings_growth": 25.78713549316608
    },
    {
      "date": "2025-01-29",
      "quarter": "Q1 2025",
      "revenue": 2158443888.7758183,
      "earnings": 165013422.47756484,
      "eps_actual": 0.05420655860553858,
      "eps_estimate": 0.053375291150823616,
      "surprise_percent": 1.5574012558845531,
      "price_on_date": 21.34900320376226,
      "revenue_growth": 20.49755817455691,
      "earnings_growth": 15.493728757272253
    },
    {
      "date": "2024-10-31",
      "quarter": "Q4 2024",
      "revenue": 2050521694.3370273,
      "earnings": 156762751.3536866,
      "eps_actual": 0.051496230675261656,
      "eps_estimate": 0.051258693864887794,
      "surprise_percent": 0.4634078484324676,
      "price_on_date": 22.26858428011492,
      "revenue_growth": 21.987469052638183,
      "earnings_growth": 24.564044949076283
    },
    {
      "date": "2024-08-02",
      "quarter": "Q3 2024",
      "revenue": 1947995609.620176,
      "earnings": 148924613.78600228,
      "eps_actual": 0.04892141914149857,
      "eps_estimate": 0.04826551580403879,
      "surprise_percent": 1.358948156946655,
      "price_on_date": 20.747688579205693,
      "revenue_growth": 18.77901543608059,
      "earnings_growth": 20.27371010272089
    },
    {
      "date": "2024-05-04",
      "quarter": "Q2 2024",
      "revenue": 1850595829.1391668,
      "earnings": 141478383.09670213,
      "eps_actual": 0.046475348184423636,
      "eps_estimate": 0.04649545083311556,
      "surprise_percent": -0.04323573238182221,
      "price_on_date": 19.568694954162975,
      "revenue_growth": 20.93789530076056,
      "earnings_growth": 16.365317267640126
    },
    {
      "date": "2024-02-04",
      "quarter": "Q1 2024",
      "revenue": 1758066037.6822085,
      "earnings": 134404463.94186702,
      "eps_actual": 0.044151580775202454,
      "eps_estimate": 0.04212297055925688,
      "surprise_percent": 4.815923922297474,
      "price_on_date": 19.556610312670617,
      "revenue_growth": 20.89921937506424,
      "earnings_growth": 17.74736946774567
    },
    {
      "date": "2023-11-06",
      "quarter": "Q4 2023",
      "revenue": 1670162735.798098,
      "earnings": 127684240.74477367,
      "eps_actual": 0.041944001736442325,
      "eps_estimate": 0.042508498327289874,
      "surprise_percent": -1.3279617325017337,
      "price_on_date": 16.23196083489421,
      "revenue_growth": 23.27060364248321,
      "earnings_growth": 22.65117852430273
    }
  ],
  "metrics": {
    "revenue_trend": [
      {
        "date": "2025-07-28",
        "value": 2391627577.5909348
      },
      {
        "date": "2025-04-29",
        "value": 2272046198.711388
      },
      {
        "date": "2025-01-29",
        "value": 2158443888.7758183
      },
      {
        "date": "2024-10-31",
        "value": 2050521694.3370273
      },
      {
        "date": "2024-08-02",
        "value": 1947995609.620176
      },
      {
        "date": "2024-05-04",
        "value": 1850595829.1391668
      },
      {
        "date": "2024-02-04",
        "value": 1758066037.6822085
      },
      {
        "date": "2023-11-06",
        "value": 1670162735.798098
      }
    ],
    "eps_trend": [
      {
        "date": "2025-07-28",
        "value": 0.060062668815001205
      },
      {
        "date": "2025-04-29",
        "value": 0.05705953537425115
      },
      {
        "date": "2025-01-29",
        "value": 0.05420655860553858
      },
      {
        "date": "2024-10-31",
        "value": 0.051496230675261656
      },
      {
        "date": "2024-08-02",
        "value": 0.04892141914149857
      },
      {
        "date": "2024-05-04",
        "value": 0.046475348184423636
      },
      {
        "date": "2024-02-04",
        "value": 0.044151580775202454
      },
      {
        "date": "2023-11-06",
        "value": 0.041944001736442325
      }
    ],
    "earnings_dates": [
      "2025-07-28",
      "2025-04-29",
      "2025-01-29",
      "2024-10-31",
      "2024-08-02",
      "2024-05-04",
      "2024-02-04",
      "2023-11-06"
    ]
  },
  "analysis": {
    "avg_revenue_growth": 20.98392157084165,
    "avg_earnings_surprise": 1.1611182710173003,
    "consistency_score": 89,
    "trend_direction": "growing"
  }
}