{
  "ticker": "CMG",
  "quarters": [
    {
      "date": "2025-07-28",
      "quarter": "Q3 2025",
      "revenue": 1862260200.386474,
      "earnings": 21637422.94943533,
      "eps_actual": 0.005432971048198579,
      "eps_estimate": 0.0054725783990219904,
      "surprise_percent": -0.7237420450749489,
      "price_on_date": 19.327726024469957,
      "revenue_growth": -14.122214138404487,
      "earnings_growth": -14.724822609671154
    },
    {
      "date": "2025-04-29",
      "quarter": "Q2 2025",
      "revenue": 1769147190.36715,
      "earnings": 20555551.801963564,
      "eps_actual": 0.005161322495788649,
      "eps_estimate": 0.005180089833547406,
      "surprise_percent": -0.3622975346337734,
      "price_on_date": 17.918393431205068,
      "revenue_growth": -13.645342786743031,
      "earnings_growth": -14.727093906421855
    },
    {
      "date": "2025-01-29",
      "quarter": "Q1 2025",
      "revenue": 1680689830.8487926,
      "earnings": 19527774.211865384,
      "eps_actual": 0.0049032563709992165,
      "eps_estimate": 0.0048338201051317505,
      "surprise_percent": 1.4364677285724825,
      "price_on_date": 17.31521266306199,
      "revenue_growth": -11.229843144895344,
      "earnings_growth": -9.466428909564733
    },
    {
      "date": "2024-10-31",
      "quarter": "Q4 2024",
      "revenue": 1596655339.3063529,
      "earnings": 18551385.501272116,
      "eps_actual": 0.004658093552449256,
      "eps_estimate": 0.004653719957919141,
      "surprise_percent": 0.0939806127068764,
      "price_on_date": 17.180166305703516,
      "revenue_growth": -11.294950760396784,
      "earnings_growth": -10.120241089985614
    },
    {
      "date": "2024-08-02",
      "quarter": "Q3 2024",
      "revenue": 1516822572.3410351,
      "earnings": 17623816.226208508,
      "eps_actual": 0.004425188874826793,
      "eps_estimate": 0.004420076928172347,
      "surprise_percent": 0.11565288879619165,
      "price_on_date": 15.888436808990132,
      "revenue_growth": -13.203670887240921,
      "earnings_growth": -10.087519568332086
    },
    {
      "date": "2024-05-04",
      "quarter": "Q2 2024",
      "revenue": 1440981443.7239833,
      "earnings": 16742625.414898083,
      "eps_actual": 0.004203929431085453,
      "eps_estimate": 0.0039947002890367905,
      "surprise_percent": 5.237668082956794,
      "price_on_date": 13.327996455119068,
      "revenue_growth": -13.650218147483345,
      "earnings_growth": -9.837471559646078
    },
    {
      "date": "2024-02-04",
      "quarter": "Q1 2024",
      "revenue": 1368932371.537784,
      "earnings": 15905494.144153178,
      "eps_actual": 0.00399373295953118,
      "eps_estimate": 0.0038034035413745415,
      "surprise_percent": 5.004186804954543,
      "price_on_date": 12.41395615772903,
      "revenue_growth": -12.81181795147592,
      "earnings_growth": -9.990387785592272
    },
    {
      "date": "2023-11-06",
      "quarter": "Q4 2023",
      "revenue": 1300485752.9608948,
      "earnings": 15110219.436945518,
      "eps_actual": 0.003794046311554621,
      "eps_estimate": 0.003620514383572119,
      "surprise_percent": 4.793018604480447,
      "price_on_date": 13.88565964032755,
      "revenue_growth": -13.1355215641067,
      "earnings_growth": -11.414724832584442
    }
  ],
  "metrics": {
    "revenue_trend": [
      {
        "date": "2025-07-28",
        "value": 1862260200.386474
      },
      {
        "date": "2025-04-29",
        "value": 1769147190.36715
      },
      {
        "date": "2025-01-29",
        "value": 1680689830.8487926
      },
      {
        "date": "2024-10-31",
        "value": 1596655339.3063529
      },
      {
        "date": "2024-08-02",
        "value": 1516822572.3410351
      },
      {
        "date": "2024-05-04",
        "value": 1440981443.7239833
      },
      {
        "date": "2024-02-04",
        "value": 1368932371.537784
      },
      {
        "date": "2023-11-06",
        "value": 1300485752.9608948
      }
    ],
    "eps_trend": [
      {
        "date": "2025-07-28",
        "value": 0.005432971048198579
      },
      {
        "date": "2025-04-29",
        "value": 0.005161322495788649
      },
      {
        "date": "2025-01-29",
        "value": 0.0049032563709992165
      },
      {
        "date": "2024-10-31",
        "value": 0.004658093552449256
      },
      {
        "date": "2024-08-02",
        "value": 0.004425188874826793
      },
      {
        "date": "2024-05-04",
        "value": 0.004203929431085453
      },
      {
        "date": "2024-02-04",
        "value": 0.00399373295953118
      },
      {
        "date": "2023-11-06",
        "value": 0.003794046311554621
      }
    ],
    "earnings_dates": [
      "2025-07-28",
      "2025-04-29",
      "2025-01-29",
      "2024-10-31",
      "2024-08-02",
      "2024-05-04",
      "2024-02-04",
      "2023-11-06"
    ]
  },
  "analysis": {
    "avg_revenue_growth": -12.573087707609911,
    "avg_earnings_surprise": 0.11110219039265914,
    "consistency_score": 83,
    "trend_direction": "declining"
  }
}