{
  "ticker": "CMI",
  "quarters": [
    {
      "date": "2025-07-28",
      "quarter": "Q3 2025",
      "revenue": 56312088.63732072,
      "earnings": 5446992.198797822,
      "eps_actual": 0.0012122345116415173,
      "eps_estimate": 0.001194133433272904,
      "surprise_percent": 1.5158338142330903,
      "price_on_date": 0.3962374816111165,
      "revenue_growth": -0.09479476219116342,
      "earnings_growth": -0.10556960768020339
    },
    {
      "date": "2025-04-29",
      "quarter": "Q2 2025",
      "revenue": 53496484.205454685,
      "earnings": 5174642.588857931,
      "eps_actual": 0.0011516227860594414,
      "eps_estimate": 0.0011189113074695015,
      "surprise_percent": 2.923509519616826,
      "price_on_date": 0.3865326503124802,
      "revenue_growth": -0.09832892181106588,
      "earnings_growth": -0.10152806434267045
    },
    {
      "date": "2025-01-29",
      "quarter": "Q1 2025",
      "revenue": 50821659.99518195,
      "earnings": 4915910.459415034,
      "eps_actual": 0.0010940416467564694,
      "eps_estimate": 0.0010483432804776953,
      "surprise_percent": 4.35910327559412,
      "price_on_date": 0.37295239108373074,
      "revenue_growth": -0.09206113773499246,
      "earnings_growth": -0.11402147029437544
    },
    {
      "date": "2024-10-31",
      "quarter": "Q4 2024",
      "revenue": 48280576.99542285,
      "earnings": 4670114.936444282,
      "eps_actual": 0.0010393395644186457,
      "eps_estimate": 0.001034623995855576,
      "surprise_percent": 0.4557760676302633,
      "price_on_date": 0.30785888341720047,
      "revenue_growth": -0.09282466248178074,
      "earnings_growth": -0.11564351145689586
    },
    {
      "date": "2024-08-02",
      "quarter": "Q3 2024",
      "revenue": 45866548.145651706,
      "earnings": 4436609.189622068,
      "eps_actual": 0.0009873725861977134,
      "eps_estimate": 0.00097696245452986,
      "surprise_percent": 1.065561078584447,
      "price_on_date": 0.3200161941197488,
      "revenue_growth": -0.09929209537560027,
      "earnings_growth": -0.12994843697369082
    },
    {
      "date": "2024-05-04",
      "quarter": "Q2 2024",
      "revenue": 43573220.73836911,
      "earnings": 4214778.730140964,
      "eps_actual": 0.0009380039568878275,
      "eps_estimate": 0.0009003251862565555,
      "surprise_percent": 4.18501794756357,
      "price_on_date": 0.31423880566889417,
      "revenue_growth": -0.12297530294738304,
      "earnings_growth": -0.11723028097270649
    },
    {
      "date": "2024-02-04",
      "quarter": "Q1 2024",
      "revenue": 41394559.70145065,
      "earnings": 4004039.7936339155,
      "eps_actual": 0.0008911037590434363,
      "eps_estimate": 0.0008848119276744044,
      "surprise_percent": 0.7110925126844728,
      "price_on_date": 0.3064598368820034,
      "revenue_growth": -0.12106668984430598,
      "earnings_growth": -0.12692561661161775
    },
    {
      "date": "2023-11-06",
      "quarter": "Q4 2023",
      "revenue": 39324831.71637812,
      "earnings": 3803837.80395222,
      "eps_actual": 0.0008465485710912645,
      "eps_estimate": 0.000838327536891441,
      "surprise_percent": 0.9806470428381142,
      "price_on_date": 0.27676339403401173,
      "revenue_growth": -0.128944879342834,
      "earnings_growth": -0.10663583403984009
    }
  ],
  "metrics": {
    "revenue_trend": [
      {
        "date": "2025-07-28",
        "value": 56312088.63732072
      },
      {
        "date": "2025-04-29",
        "value": 53496484.205454685
      },
      {
        "date": "2025-01-29",
        "value": 50821659.99518195
      },
      {
        "date": "2024-10-31",
        "value": 48280576.99542285
      },
      {
        "date": "2024-08-02",
        "value": 45866548.145651706
      },
      {
        "date": "2024-05-04",
        "value": 43573220.73836911
      },
      {
        "date": "2024-02-04",
        "value": 41394559.70145065
      },
      {
        "date": "2023-11-06",
        "value": 39324831.71637812
      }
    ],
    "eps_trend": [
      {
        "date": "2025-07-28",
        "value": 0.0012122345116415173
      },
      {
        "date": "2025-04-29",
        "value": 0.0011516227860594414
      },
      {
        "date": "2025-01-29",
        "value": 0.0010940416467564694
      },
      {
        "date": "2024-10-31",
        "value": 0.0010393395644186457
      },
      {
        "date": "2024-08-02",
        "value": 0.0009873725861977134
      },
      {
        "date": "2024-05-04",
        "value": 0.0009380039568878275
      },
      {
        "date": "2024-02-04",
        "value": 0.0008911037590434363
      },
      {
        "date": "2023-11-06",
        "value": 0.0008465485710912645
      }
    ],
    "earnings_dates": [
      "2025-07-28",
      "2025-04-29",
      "2025-01-29",
      "2024-10-31",
      "2024-08-02",
      "2024-05-04",
      "2024-02-04",
      "2023-11-06"
    ]
  },
  "analysis": {
    "avg_revenue_growth": -0.09450237105475062,
    "avg_earnings_surprise": 2.313555669268575,
    "consistency_score": 60,
    "trend_direction": "stable"
  }
}