{
  "ticker": "CMS",
  "quarters": [
    {
      "date": "2025-07-28",
      "quarter": "Q3 2025",
      "revenue": 77835199.73366366,
      "earnings": 20574228.06075945,
      "eps_actual": 0.004277950347493864,
      "eps_estimate": 0.004124234522249772,
      "surprise_percent": 3.7271358943050648,
      "price_on_date": 0.1769560408886847,
      "revenue_growth": 15.263263372984444,
      "earnings_growth": 11.209587719515088
    },
    {
      "date": "2025-04-29",
      "quarter": "Q2 2025",
      "revenue": 73943439.74698047,
      "earnings": 19545516.65772148,
      "eps_actual": 0.004064052830119171,
      "eps_estimate": 0.003937165024226936,
      "surprise_percent": 3.2228216270195427,
      "price_on_date": 0.16053498550380502,
      "revenue_growth": 15.953392434916301,
      "earnings_growth": 14.655440806235527
    },
    {
      "date": "2025-01-29",
      "quarter": "Q1 2025",
      "revenue": 70246267.75963145,
      "earnings": 18568240.824835405,
      "eps_actual": 0.003860850188613212,
      "eps_estimate": 0.003801899021311148,
      "surprise_percent": 1.550571621487571,
      "price_on_date": 0.1329867879439826,
      "revenue_growth": 12.861448478340593,
      "earnings_growth": 12.944766053793783
    },
    {
      "date": "2024-10-31",
      "quarter": "Q4 2024",
      "revenue": 66733954.371649876,
      "earnings": 17639828.783593632,
      "eps_actual": 0.0036678076791825513,
      "eps_estimate": 0.0035680832572280723,
      "surprise_percent": 2.7949017656037447,
      "price_on_date": 0.14058688585687082,
      "revenue_growth": 14.715086530840175,
      "earnings_growth": 14.969545283379153
    },
    {
      "date": "2024-08-02",
      "quarter": "Q3 2024",
      "revenue": 63397256.65306738,
      "earnings": 16757837.344413951,
      "eps_actual": 0.003484417295223424,
      "eps_estimate": 0.0033735012849654506,
      "surprise_percent": 3.2878603234060777,
      "price_on_date": 0.12882894109970308,
      "revenue_growth": 10.952002224901245,
      "earnings_growth": 13.20416962221421
    },
    {
      "date": "2024-05-04",
      "quarter": "Q2 2024",
      "revenue": 60227393.820414,
      "earnings": 15919945.47719325,
      "eps_actual": 0.003310196430462252,
      "eps_estimate": 0.0033720310703618432,
      "surprise_percent": -1.833750597468727,
      "price_on_date": 0.1332204846582227,
      "revenue_growth": 12.044128851786251,
      "earnings_growth": 14.942586674603808
    },
    {
      "date": "2024-02-04",
      "quarter": "Q1 2024",
      "revenue": 57216024.1293933,
      "earnings": 15123948.203333588,
      "eps_actual": 0.0031446866089391394,
      "eps_estimate": 0.002988696793410739,
      "surprise_percent": 5.219325555951861,
      "price_on_date": 0.12640448197704898,
      "revenue_growth": 10.764119762947532,
      "earnings_growth": 12.632612773800817
    },
    {
      "date": "2023-11-06",
      "quarter": "Q4 2023",
      "revenue": 54355222.92292363,
      "earnings": 14367750.793166908,
      "eps_actual": 0.0029874522784921823,
      "eps_estimate": 0.0028682101555604846,
      "surprise_percent": 4.1573705016185,
      "price_on_date": 0.12383341178321161,
      "revenue_growth": 13.659098822223337,
      "earnings_growth": 12.032677112816422
    }
  ],
  "metrics": {
    "revenue_trend": [
      {
        "date": "2025-07-28",
        "value": 77835199.73366366
      },
      {
        "date": "2025-04-29",
        "value": 73943439.74698047
      },
      {
        "date": "2025-01-29",
        "value": 70246267.75963145
      },
      {
        "date": "2024-10-31",
        "value": 66733954.371649876
      },
      {
        "date": "2024-08-02",
        "value": 63397256.65306738
      },
      {
        "date": "2024-05-04",
        "value": 60227393.820414
      },
      {
        "date": "2024-02-04",
        "value": 57216024.1293933
      },
      {
        "date": "2023-11-06",
        "value": 54355222.92292363
      }
    ],
    "eps_trend": [
      {
        "date": "2025-07-28",
        "value": 0.004277950347493864
      },
      {
        "date": "2025-04-29",
        "value": 0.004064052830119171
      },
      {
        "date": "2025-01-29",
        "value": 0.003860850188613212
      },
      {
        "date": "2024-10-31",
        "value": 0.0036678076791825513
      },
      {
        "date": "2024-08-02",
        "value": 0.003484417295223424
      },
      {
        "date": "2024-05-04",
        "value": 0.003310196430462252
      },
      {
        "date": "2024-02-04",
        "value": 0.0031446866089391394
      },
      {
        "date": "2023-11-06",
        "value": 0.0029874522784921823
      }
    ],
    "earnings_dates": [
      "2025-07-28",
      "2025-04-29",
      "2025-01-29",
      "2024-10-31",
      "2024-08-02",
      "2024-05-04",
      "2024-02-04",
      "2023-11-06"
    ]
  },
  "analysis": {
    "avg_revenue_growth": 14.698297704270377,
    "avg_earnings_surprise": 2.823857727103981,
    "consistency_score": 92,
    "trend_direction": "growing"
  }
}