{
  "ticker": "CNC",
  "quarters": [
    {
      "date": "2025-07-28",
      "quarter": "Q3 2025",
      "revenue": 57980078.11235876,
      "earnings": 5715719.787969946,
      "eps_actual": 0.0013036119939341105,
      "eps_estimate": 0.0013002977372998546,
      "surprise_percent": 0.25488444216923106,
      "price_on_date": 0.19413570038768221,
      "revenue_growth": -4.90075757378677,
      "earnings_growth": -5.456809881320205
    },
    {
      "date": "2025-04-29",
      "quarter": "Q2 2025",
      "revenue": 55081074.20674082,
      "earnings": 5429933.798571449,
      "eps_actual": 0.001238431394237405,
      "eps_estimate": 0.0012109685311447356,
      "surprise_percent": 2.2678428370643617,
      "price_on_date": 0.16314706783536684,
      "revenue_growth": -5.078329142775411,
      "earnings_growth": -5.242231421202492
    },
    {
      "date": "2025-01-29",
      "quarter": "Q1 2025",
      "revenue": 52327020.496403776,
      "earnings": 5158437.108642876,
      "eps_actual": 0.0011765098245255347,
      "eps_estimate": 0.0011897971203203364,
      "surprise_percent": -1.116769873440631,
      "price_on_date": 0.17900952932210148,
      "revenue_growth": -5.624461785278334,
      "earnings_growth": -5.716110738583304
    },
    {
      "date": "2024-10-31",
      "quarter": "Q4 2024",
      "revenue": 49710669.47158358,
      "earnings": 4900515.253210732,
      "eps_actual": 0.0011176843332992578,
      "eps_estimate": 0.0010756886836514482,
      "surprise_percent": 3.904070972026457,
      "price_on_date": 0.15310518065270234,
      "revenue_growth": -5.58488172677671,
      "earnings_growth": -5.227878803948
    },
    {
      "date": "2024-08-02",
      "quarter": "Q3 2024",
      "revenue": 47225135.9980044,
      "earnings": 4655489.490550195,
      "eps_actual": 0.0010618001166342948,
      "eps_estimate": 0.0010234918114292238,
      "surprise_percent": 3.7429029502030433,
      "price_on_date": 0.15170762355760653,
      "revenue_growth": -6.581970211666549,
      "earnings_growth": -5.603230153935573
    },
    {
      "date": "2024-05-04",
      "quarter": "Q2 2024",
      "revenue": 44863879.19810417,
      "earnings": 4422715.016022684,
      "eps_actual": 0.00100871011080258,
      "eps_estimate": 0.0010158088892790523,
      "surprise_percent": -0.6988301196606569,
      "price_on_date": 0.12835875296834534,
      "revenue_growth": -5.820957015409269,
      "earnings_growth": -5.621345551597682
    },
    {
      "date": "2024-02-04",
      "quarter": "Q1 2024",
      "revenue": 42620685.238198966,
      "earnings": 4201579.26522155,
      "eps_actual": 0.0009582746052624509,
      "eps_estimate": 0.0009216866815399826,
      "surprise_percent": 3.9696704373915996,
      "price_on_date": 0.14653081853190078,
      "revenue_growth": -4.541831425028526,
      "earnings_growth": -5.881703701907215
    },
    {
      "date": "2023-11-06",
      "quarter": "Q4 2023",
      "revenue": 40489650.97628901,
      "earnings": 3991500.301960472,
      "eps_actual": 0.0009103608749993282,
      "eps_estimate": 0.0009130195171664165,
      "surprise_percent": -0.2911922600887496,
      "price_on_date": 0.11723225393063216,
      "revenue_growth": -5.82225171501631,
      "earnings_growth": -5.876081235075654
    }
  ],
  "metrics": {
    "revenue_trend": [
      {
        "date": "2025-07-28",
        "value": 57980078.11235876
      },
      {
        "date": "2025-04-29",
        "value": 55081074.20674082
      },
      {
        "date": "2025-01-29",
        "value": 52327020.496403776
      },
      {
        "date": "2024-10-31",
        "value": 49710669.47158358
      },
      {
        "date": "2024-08-02",
        "value": 47225135.9980044
      },
      {
        "date": "2024-05-04",
        "value": 44863879.19810417
      },
      {
        "date": "2024-02-04",
        "value": 42620685.238198966
      },
      {
        "date": "2023-11-06",
        "value": 40489650.97628901
      }
    ],
    "eps_trend": [
      {
        "date": "2025-07-28",
        "value": 0.0013036119939341105
      },
      {
        "date": "2025-04-29",
        "value": 0.001238431394237405
      },
      {
        "date": "2025-01-29",
        "value": 0.0011765098245255347
      },
      {
        "date": "2024-10-31",
        "value": 0.0011176843332992578
      },
      {
        "date": "2024-08-02",
        "value": 0.0010618001166342948
      },
      {
        "date": "2024-05-04",
        "value": 0.00100871011080258
      },
      {
        "date": "2024-02-04",
        "value": 0.0009582746052624509
      },
      {
        "date": "2023-11-06",
        "value": 0.0009103608749993282
      }
    ],
    "earnings_dates": [
      "2025-07-28",
      "2025-04-29",
      "2025-01-29",
      "2024-10-31",
      "2024-08-02",
      "2024-05-04",
      "2024-02-04",
      "2023-11-06"
    ]
  },
  "analysis": {
    "avg_revenue_growth": -5.297107557154306,
    "avg_earnings_surprise": 1.3275070944548548,
    "consistency_score": 64,
    "trend_direction": "declining"
  }
}