{
  "ticker": "CNP",
  "quarters": [
    {
      "date": "2025-07-28",
      "quarter": "Q3 2025",
      "revenue": 118951850.13561586,
      "earnings": 13862522.174904034,
      "eps_actual": 0.0028957078195994434,
      "eps_estimate": 0.0027645520384679757,
      "surprise_percent": 4.744196502958573,
      "price_on_date": 0.13766098297922513,
      "revenue_growth": 17.265946178384926,
      "earnings_growth": 15.188761575497502
    },
    {
      "date": "2025-04-29",
      "quarter": "Q2 2025",
      "revenue": 113004257.62883505,
      "earnings": 13169396.066158831,
      "eps_actual": 0.0027509224286194713,
      "eps_estimate": 0.0027313844269220007,
      "surprise_percent": 0.7153149701262684,
      "price_on_date": 0.13043339350063082,
      "revenue_growth": 25.533807793634253,
      "earnings_growth": 17.861761760406257
    },
    {
      "date": "2025-01-29",
      "quarter": "Q1 2025",
      "revenue": 107354044.74739331,
      "earnings": 12510926.26285089,
      "eps_actual": 0.002613376307188498,
      "eps_estimate": 0.002574049285982011,
      "surprise_percent": 1.5278270474717521,
      "price_on_date": 0.10584628029240305,
      "revenue_growth": 23.065912943873382,
      "earnings_growth": 19.541012704539128
    },
    {
      "date": "2024-10-31",
      "quarter": "Q4 2024",
      "revenue": 101986342.51002362,
      "earnings": 11885379.949708343,
      "eps_actual": 0.002482707491829072,
      "eps_estimate": 0.002435355067564322,
      "surprise_percent": 1.9443745552926228,
      "price_on_date": 0.10886321584683001,
      "revenue_growth": 17.524632410832993,
      "earnings_growth": 25.70442357034404
    },
    {
      "date": "2024-08-02",
      "quarter": "Q3 2024",
      "revenue": 96887025.38452245,
      "earnings": 11291110.952222927,
      "eps_actual": 0.0023585721172376187,
      "eps_estimate": 0.002275027833224773,
      "surprise_percent": 3.6722312928552063,
      "price_on_date": 0.10511507792451395,
      "revenue_growth": 23.47542366425974,
      "earnings_growth": 18.41111930842901
    },
    {
      "date": "2024-05-04",
      "quarter": "Q2 2024",
      "revenue": 92042674.1152963,
      "earnings": 10726555.404611778,
      "eps_actual": 0.0022406435113757374,
      "eps_estimate": 0.00222505444485441,
      "surprise_percent": 0.7006150594372272,
      "price_on_date": 0.11056933820749364,
      "revenue_growth": 21.178038341912163,
      "earnings_growth": 16.705675507959064
    },
    {
      "date": "2024-02-04",
      "quarter": "Q1 2024",
      "revenue": 87440540.4095315,
      "earnings": 10190227.63438119,
      "eps_actual": 0.0021286113358069507,
      "eps_estimate": 0.0020583153064512544,
      "surprise_percent": 3.4152216200973537,
      "price_on_date": 0.09909418437013012,
      "revenue_growth": 20.56126853512794,
      "earnings_growth": 20.118153949960504
    },
    {
      "date": "2023-11-06",
      "quarter": "Q4 2023",
      "revenue": 83068513.38905491,
      "earnings": 9680716.25266213,
      "eps_actual": 0.002022180769016603,
      "eps_estimate": 0.001949319615237503,
      "surprise_percent": 3.737773590824039,
      "price_on_date": 0.09239412006989642,
      "revenue_growth": 21.680765290094172,
      "earnings_growth": 15.99833160134649
    }
  ],
  "metrics": {
    "revenue_trend": [
      {
        "date": "2025-07-28",
        "value": 118951850.13561586
      },
      {
        "date": "2025-04-29",
        "value": 113004257.62883505
      },
      {
        "date": "2025-01-29",
        "value": 107354044.74739331
      },
      {
        "date": "2024-10-31",
        "value": 101986342.51002362
      },
      {
        "date": "2024-08-02",
        "value": 96887025.38452245
      },
      {
        "date": "2024-05-04",
        "value": 92042674.1152963
      },
      {
        "date": "2024-02-04",
        "value": 87440540.4095315
      },
      {
        "date": "2023-11-06",
        "value": 83068513.38905491
      }
    ],
    "eps_trend": [
      {
        "date": "2025-07-28",
        "value": 0.0028957078195994434
      },
      {
        "date": "2025-04-29",
        "value": 0.0027509224286194713
      },
      {
        "date": "2025-01-29",
        "value": 0.002613376307188498
      },
      {
        "date": "2024-10-31",
        "value": 0.002482707491829072
      },
      {
        "date": "2024-08-02",
        "value": 0.0023585721172376187
      },
      {
        "date": "2024-05-04",
        "value": 0.0022406435113757374
      },
      {
        "date": "2024-02-04",
        "value": 0.0021286113358069507
      },
      {
        "date": "2023-11-06",
        "value": 0.002022180769016603
      }
    ],
    "earnings_dates": [
      "2025-07-28",
      "2025-04-29",
      "2025-01-29",
      "2024-10-31",
      "2024-08-02",
      "2024-05-04",
      "2024-02-04",
      "2023-11-06"
    ]
  },
  "analysis": {
    "avg_revenue_growth": 20.84757483168139,
    "avg_earnings_surprise": 2.2329282689623042,
    "consistency_score": 69,
    "trend_direction": "growing"
  }
}