{
  "ticker": "COF",
  "quarters": [
    {
      "date": "2025-07-28",
      "quarter": "Q3 2025",
      "revenue": 1455361331.6594286,
      "earnings": 156302358.62009093,
      "eps_actual": 0.24075163502976737,
      "eps_estimate": 0.23851485260032465,
      "surprise_percent": 0.9377958668221232,
      "price_on_date": 51.592743829505956,
      "revenue_growth": 35.87020224500088,
      "earnings_growth": 24.962468132307617
    },
    {
      "date": "2025-04-29",
      "quarter": "Q2 2025",
      "revenue": 1382593265.076457,
      "earnings": 148487240.68908638,
      "eps_actual": 0.228714053278279,
      "eps_estimate": 0.2232571194959611,
      "surprise_percent": 2.444237296726666,
      "price_on_date": 54.89048758277185,
      "revenue_growth": 40.203723928167406,
      "earnings_growth": 29.45551707156745
    },
    {
      "date": "2025-01-29",
      "quarter": "Q1 2025",
      "revenue": 1313463601.8226342,
      "earnings": 141062878.65463206,
      "eps_actual": 0.21727835061436507,
      "eps_estimate": 0.2155678981675433,
      "surprise_percent": 0.7934634337309262,
      "price_on_date": 55.89128912302038,
      "revenue_growth": 28.802350988290623,
      "earnings_growth": 36.33601605982705
    },
    {
      "date": "2024-10-31",
      "quarter": "Q4 2024",
      "revenue": 1247790421.7315025,
      "earnings": 134009734.72190046,
      "eps_actual": 0.20641443308364682,
      "eps_estimate": 0.20897370612270977,
      "surprise_percent": -1.2246866299821175,
      "price_on_date": 48.97635142276256,
      "revenue_growth": 36.91805496581453,
      "earnings_growth": 37.39959083117533
    },
    {
      "date": "2024-08-02",
      "quarter": "Q3 2024",
      "revenue": 1185400900.6449273,
      "earnings": 127309247.98580542,
      "eps_actual": 0.19609371142946444,
      "eps_estimate": 0.19915952456390512,
      "surprise_percent": -1.5393756041313211,
      "price_on_date": 41.555707631816915,
      "revenue_growth": 28.147289496534768,
      "earnings_growth": 43.922590142262266
    },
    {
      "date": "2024-05-04",
      "quarter": "Q2 2024",
      "revenue": 1126130855.6126807,
      "earnings": 120943785.58651513,
      "eps_actual": 0.1862890258579912,
      "eps_estimate": 0.18337636148785844,
      "surprise_percent": 1.5883532351172853,
      "price_on_date": 47.17583628697975,
      "revenue_growth": 28.273161021276884,
      "earnings_growth": 42.73002539671507
    },
    {
      "date": "2024-02-04",
      "quarter": "Q1 2024",
      "revenue": 1069824312.8320467,
      "earnings": 114896596.30718939,
      "eps_actual": 0.17697457456509166,
      "eps_estimate": 0.17775724814465751,
      "surprise_percent": -0.44030473453826047,
      "price_on_date": 42.1805082938171,
      "revenue_growth": 29.439042702295296,
      "earnings_growth": 42.24955340722826
    },
    {
      "date": "2023-11-06",
      "quarter": "Q4 2023",
      "revenue": 1016333097.1904442,
      "earnings": 109151766.49182989,
      "eps_actual": 0.168125845836837,
      "eps_estimate": 0.1640508437560925,
      "surprise_percent": 2.4839872733621218,
      "price_on_date": 36.21258203555489,
      "revenue_growth": 36.003948908311045,
      "earnings_growth": 25.470646766056742
    }
  ],
  "metrics": {
    "revenue_trend": [
      {
        "date": "2025-07-28",
        "value": 1455361331.6594286
      },
      {
        "date": "2025-04-29",
        "value": 1382593265.076457
      },
      {
        "date": "2025-01-29",
        "value": 1313463601.8226342
      },
      {
        "date": "2024-10-31",
        "value": 1247790421.7315025
      },
      {
        "date": "2024-08-02",
        "value": 1185400900.6449273
      },
      {
        "date": "2024-05-04",
        "value": 1126130855.6126807
      },
      {
        "date": "2024-02-04",
        "value": 1069824312.8320467
      },
      {
        "date": "2023-11-06",
        "value": 1016333097.1904442
      }
    ],
    "eps_trend": [
      {
        "date": "2025-07-28",
        "value": 0.24075163502976737
      },
      {
        "date": "2025-04-29",
        "value": 0.228714053278279
      },
      {
        "date": "2025-01-29",
        "value": 0.21727835061436507
      },
      {
        "date": "2024-10-31",
        "value": 0.20641443308364682
      },
      {
        "date": "2024-08-02",
        "value": 0.19609371142946444
      },
      {
        "date": "2024-05-04",
        "value": 0.1862890258579912
      },
      {
        "date": "2024-02-04",
        "value": 0.17697457456509166
      },
      {
        "date": "2023-11-06",
        "value": 0.168125845836837
      }
    ],
    "earnings_dates": [
      "2025-07-28",
      "2025-04-29",
      "2025-01-29",
      "2024-10-31",
      "2024-08-02",
      "2024-05-04",
      "2024-02-04",
      "2023-11-06"
    ]
  },
  "analysis": {
    "avg_revenue_growth": 35.44858303181836,
    "avg_earnings_surprise": 0.7377024918243995,
    "consistency_score": 91,
    "trend_direction": "growing"
  }
}