{
  "ticker": "COIN",
  "quarters": [
    {
      "date": "2025-07-28",
      "quarter": "Q3 2025",
      "revenue": 1996357109.323611,
      "earnings": 252975038.89372474,
      "eps_actual": 0.08674692457767366,
      "eps_estimate": 0.08675079514580403,
      "surprise_percent": -0.004461709110400528,
      "price_on_date": 33.649215258741464,
      "revenue_growth": -14.167735371474537,
      "earnings_growth": -12.836908314598478
    },
    {
      "date": "2025-04-29",
      "quarter": "Q2 2025",
      "revenue": 1896539253.8574305,
      "earnings": 240326286.94903848,
      "eps_actual": 0.08240957834878997,
      "eps_estimate": 0.07934058184306608,
      "surprise_percent": 3.868129568036558,
      "price_on_date": 29.04859420652161,
      "revenue_growth": -10.981905633825333,
      "earnings_growth": -11.050564599858765
    },
    {
      "date": "2025-01-29",
      "quarter": "Q1 2025",
      "revenue": 1801712291.164559,
      "earnings": 228309972.60158655,
      "eps_actual": 0.07828909943135047,
      "eps_estimate": 0.07912646247471454,
      "surprise_percent": -1.058259167887931,
      "price_on_date": 30.910748631523653,
      "revenue_growth": -10.938187197227544,
      "earnings_growth": -11.159639135278399
    },
    {
      "date": "2024-10-31",
      "quarter": "Q4 2024",
      "revenue": 1711626676.6063309,
      "earnings": 216894473.97150722,
      "eps_actual": 0.07437464445978294,
      "eps_estimate": 0.0719657476849213,
      "surprise_percent": 3.3472823563345924,
      "price_on_date": 24.93190690521736,
      "revenue_growth": -10.798582287694348,
      "earnings_growth": -9.313561077656075
    },
    {
      "date": "2024-08-02",
      "quarter": "Q3 2024",
      "revenue": 1626045342.776014,
      "earnings": 206049750.27293184,
      "eps_actual": 0.0706559122367938,
      "eps_estimate": 0.07093205035220478,
      "surprise_percent": -0.38929949725103125,
      "price_on_date": 27.527074234093057,
      "revenue_growth": -11.46075972189673,
      "earnings_growth": -14.770078402854127
    },
    {
      "date": "2024-05-04",
      "quarter": "Q2 2024",
      "revenue": 1544743075.6372132,
      "earnings": 195747262.7592852,
      "eps_actual": 0.06712311662495409,
      "eps_estimate": 0.06443248745770155,
      "surprise_percent": 4.1758890171962815,
      "price_on_date": 24.371894954047438,
      "revenue_growth": -12.686262167453922,
      "earnings_growth": -11.632711006065602
    },
    {
      "date": "2024-02-04",
      "quarter": "Q1 2024",
      "revenue": 1467505921.8553526,
      "earnings": 185959899.62132096,
      "eps_actual": 0.06376696079370639,
      "eps_estimate": 0.06156235993883339,
      "surprise_percent": 3.581085678104979,
      "price_on_date": 25.662503184295215,
      "revenue_growth": -11.713641711671324,
      "earnings_growth": -13.116559207852704
    },
    {
      "date": "2023-11-06",
      "quarter": "Q4 2023",
      "revenue": 1394130625.762585,
      "earnings": 176661904.6402549,
      "eps_actual": 0.060578612754021065,
      "eps_estimate": 0.06099124516758154,
      "surprise_percent": -0.6765436784028779,
      "price_on_date": 23.392304328915447,
      "revenue_growth": -14.08242682919164,
      "earnings_growth": -10.849271891973233
    }
  ],
  "metrics": {
    "revenue_trend": [
      {
        "date": "2025-07-28",
        "value": 1996357109.323611
      },
      {
        "date": "2025-04-29",
        "value": 1896539253.8574305
      },
      {
        "date": "2025-01-29",
        "value": 1801712291.164559
      },
      {
        "date": "2024-10-31",
        "value": 1711626676.6063309
      },
      {
        "date": "2024-08-02",
        "value": 1626045342.776014
      },
      {
        "date": "2024-05-04",
        "value": 1544743075.6372132
      },
      {
        "date": "2024-02-04",
        "value": 1467505921.8553526
      },
      {
        "date": "2023-11-06",
        "value": 1394130625.762585
      }
    ],
    "eps_trend": [
      {
        "date": "2025-07-28",
        "value": 0.08674692457767366
      },
      {
        "date": "2025-04-29",
        "value": 0.08240957834878997
      },
      {
        "date": "2025-01-29",
        "value": 0.07828909943135047
      },
      {
        "date": "2024-10-31",
        "value": 0.07437464445978294
      },
      {
        "date": "2024-08-02",
        "value": 0.0706559122367938
      },
      {
        "date": "2024-05-04",
        "value": 0.06712311662495409
      },
      {
        "date": "2024-02-04",
        "value": 0.06376696079370639
      },
      {
        "date": "2023-11-06",
        "value": 0.060578612754021065
      }
    ],
    "earnings_dates": [
      "2025-07-28",
      "2025-04-29",
      "2025-01-29",
      "2024-10-31",
      "2024-08-02",
      "2024-05-04",
      "2024-02-04",
      "2023-11-06"
    ]
  },
  "analysis": {
    "avg_revenue_growth": -11.72160262255544,
    "avg_earnings_surprise": 1.5381727618432048,
    "consistency_score": 61,
    "trend_direction": "declining"
  }
}