{
  "ticker": "COO",
  "quarters": [
    {
      "date": "2025-07-28",
      "quarter": "Q3 2025",
      "revenue": 22839017.087272473,
      "earnings": 595084.8298775565,
      "eps_actual": 0.00027509107469870267,
      "eps_estimate": 0.0002739451847731383,
      "surprise_percent": 0.4182916836130237,
      "price_on_date": 0.408756176685025,
      "revenue_growth": -9.0274143500559,
      "earnings_growth": -9.748984455179519
    },
    {
      "date": "2025-04-29",
      "quarter": "Q2 2025",
      "revenue": 21697066.23290885,
      "earnings": 565330.5883836787,
      "eps_actual": 0.00026133652096376755,
      "eps_estimate": 0.0002583514669503841,
      "surprise_percent": 1.1554236748176545,
      "price_on_date": 0.3936312154258257,
      "revenue_growth": -6.455858922007415,
      "earnings_growth": -8.241911191093504
    },
    {
      "date": "2025-01-29",
      "quarter": "Q1 2025",
      "revenue": 20612212.921263404,
      "earnings": 537064.0589644947,
      "eps_actual": 0.00024826969491557915,
      "eps_estimate": 0.0002459147586339571,
      "surprise_percent": 0.9576229969699998,
      "price_on_date": 0.36700637435264194,
      "revenue_growth": -6.258025637775838,
      "earnings_growth": -9.2676679865911
    },
    {
      "date": "2024-10-31",
      "quarter": "Q4 2024",
      "revenue": 19581602.275200233,
      "earnings": 510210.85601626994,
      "eps_actual": 0.00023585621016980018,
      "eps_estimate": 0.0002397278014139464,
      "surprise_percent": -1.614994682014792,
      "price_on_date": 0.39417645612213753,
      "revenue_growth": -6.42621145399082,
      "earnings_growth": -7.042228840257594
    },
    {
      "date": "2024-08-02",
      "quarter": "Q3 2024",
      "revenue": 18602522.161440223,
      "earnings": 484700.3132154565,
      "eps_actual": 0.0002240633996613102,
      "eps_estimate": 0.00022285769680089283,
      "surprise_percent": 0.541019169508228,
      "price_on_date": 0.334546923351096,
      "revenue_growth": -9.113598202772723,
      "earnings_growth": -6.773597649237757
    },
    {
      "date": "2024-05-04",
      "quarter": "Q2 2024",
      "revenue": 17672396.053368207,
      "earnings": 460465.2975546836,
      "eps_actual": 0.00021286022967824465,
      "eps_estimate": 0.00020677244433823266,
      "surprise_percent": 2.9441956637383244,
      "price_on_date": 0.3630852250933309,
      "revenue_growth": -8.17910435675676,
      "earnings_growth": -6.724253539610297
    },
    {
      "date": "2024-02-04",
      "quarter": "Q1 2024",
      "revenue": 16788776.2506998,
      "earnings": 437442.03267694946,
      "eps_actual": 0.00020221721819433243,
      "eps_estimate": 0.0001974779134579359,
      "surprise_percent": 2.3999163518638333,
      "price_on_date": 0.3201579584075223,
      "revenue_growth": -6.549372686464663,
      "earnings_growth": -5.6455329947134585
    },
    {
      "date": "2023-11-06",
      "quarter": "Q4 2023",
      "revenue": 15949337.438164806,
      "earnings": 415569.9310431019,
      "eps_actual": 0.00019210635728461576,
      "eps_estimate": 0.00019548961661474564,
      "surprise_percent": -1.7306593509758248,
      "price_on_date": 0.3112149938334264,
      "revenue_growth": -7.869421998362925,
      "earnings_growth": -7.676024672762265
    }
  ],
  "metrics": {
    "revenue_trend": [
      {
        "date": "2025-07-28",
        "value": 22839017.087272473
      },
      {
        "date": "2025-04-29",
        "value": 21697066.23290885
      },
      {
        "date": "2025-01-29",
        "value": 20612212.921263404
      },
      {
        "date": "2024-10-31",
        "value": 19581602.275200233
      },
      {
        "date": "2024-08-02",
        "value": 18602522.161440223
      },
      {
        "date": "2024-05-04",
        "value": 17672396.053368207
      },
      {
        "date": "2024-02-04",
        "value": 16788776.2506998
      },
      {
        "date": "2023-11-06",
        "value": 15949337.438164806
      }
    ],
    "eps_trend": [
      {
        "date": "2025-07-28",
        "value": 0.00027509107469870267
      },
      {
        "date": "2025-04-29",
        "value": 0.00026133652096376755
      },
      {
        "date": "2025-01-29",
        "value": 0.00024826969491557915
      },
      {
        "date": "2024-10-31",
        "value": 0.00023585621016980018
      },
      {
        "date": "2024-08-02",
        "value": 0.0002240633996613102
      },
      {
        "date": "2024-05-04",
        "value": 0.00021286022967824465
      },
      {
        "date": "2024-02-04",
        "value": 0.00020221721819433243
      },
      {
        "date": "2023-11-06",
        "value": 0.00019210635728461576
      }
    ],
    "earnings_dates": [
      "2025-07-28",
      "2025-04-29",
      "2025-01-29",
      "2024-10-31",
      "2024-08-02",
      "2024-05-04",
      "2024-02-04",
      "2023-11-06"
    ]
  },
  "analysis": {
    "avg_revenue_growth": -7.041877590957493,
    "avg_earnings_surprise": 0.22908591834647152,
    "consistency_score": 63,
    "trend_direction": "declining"
  }
}