{
  "ticker": "COP",
  "quarters": [
    {
      "date": "2025-07-28",
      "quarter": "Q3 2025",
      "revenue": 1522562379.5640466,
      "earnings": 43062374.76198507,
      "eps_actual": 0.010194780726192815,
      "eps_estimate": 0.009884865366655017,
      "surprise_percent": 3.1352511950567075,
      "price_on_date": 17.09995964550295,
      "revenue_growth": -0.22569907332784167,
      "earnings_growth": -0.1908636065597541
    },
    {
      "date": "2025-04-29",
      "quarter": "Q2 2025",
      "revenue": 1446434260.5858443,
      "earnings": 40909256.02388582,
      "eps_actual": 0.009685041689883175,
      "eps_estimate": 0.009472598249118036,
      "surprise_percent": 2.24271562224144,
      "price_on_date": 19.06180064568561,
      "revenue_growth": -0.2168781768569284,
      "earnings_growth": -0.1897510527496112
    },
    {
      "date": "2025-01-29",
      "quarter": "Q1 2025",
      "revenue": 1374112547.556552,
      "earnings": 38863793.22269152,
      "eps_actual": 0.009200789605389014,
      "eps_estimate": 0.009299572058605399,
      "surprise_percent": -1.0622257948415612,
      "price_on_date": 16.286772450230583,
      "revenue_growth": -0.21031064986294787,
      "earnings_growth": -0.2438407314791249
    },
    {
      "date": "2024-10-31",
      "quarter": "Q4 2024",
      "revenue": 1305406920.1787243,
      "earnings": 36920603.56155694,
      "eps_actual": 0.008740750125119564,
      "eps_estimate": 0.008422717698621917,
      "surprise_percent": 3.7758884706498255,
      "price_on_date": 14.567715771253479,
      "revenue_growth": -0.17178000012691633,
      "earnings_growth": -0.15046443944947102
    },
    {
      "date": "2024-08-02",
      "quarter": "Q3 2024",
      "revenue": 1240136574.1697881,
      "earnings": 35074573.383479096,
      "eps_actual": 0.008303712618863585,
      "eps_estimate": 0.008022832596648358,
      "surprise_percent": 3.5010081393517813,
      "price_on_date": 13.978978462368083,
      "revenue_growth": -0.2193502130805703,
      "earnings_growth": -0.1935914078891905
    },
    {
      "date": "2024-05-04",
      "quarter": "Q2 2024",
      "revenue": 1178129745.4612985,
      "earnings": 33320844.714305136,
      "eps_actual": 0.007888526987920405,
      "eps_estimate": 0.007687234702544516,
      "surprise_percent": 2.618526598508309,
      "price_on_date": 13.612561645457692,
      "revenue_growth": -0.18012399153633052,
      "earnings_growth": -0.1708737884196648
    },
    {
      "date": "2024-02-04",
      "quarter": "Q1 2024",
      "revenue": 1119223258.1882336,
      "earnings": 31654802.47858988,
      "eps_actual": 0.007494100638524385,
      "eps_estimate": 0.0075220113712871255,
      "surprise_percent": -0.37105411551597034,
      "price_on_date": 13.331801339762789,
      "revenue_growth": -0.2078756448401262,
      "earnings_growth": -0.24355820338413992
    },
    {
      "date": "2023-11-06",
      "quarter": "Q4 2023",
      "revenue": 1063262095.2788218,
      "earnings": 30072062.354660384,
      "eps_actual": 0.0071193956065981655,
      "eps_estimate": 0.006889267334002937,
      "surprise_percent": 3.3403881927966124,
      "price_on_date": 14.14183433628812,
      "revenue_growth": -0.17995067298203615,
      "earnings_growth": -0.23487802841035207
    }
  ],
  "metrics": {
    "revenue_trend": [
      {
        "date": "2025-07-28",
        "value": 1522562379.5640466
      },
      {
        "date": "2025-04-29",
        "value": 1446434260.5858443
      },
      {
        "date": "2025-01-29",
        "value": 1374112547.556552
      },
      {
        "date": "2024-10-31",
        "value": 1305406920.1787243
      },
      {
        "date": "2024-08-02",
        "value": 1240136574.1697881
      },
      {
        "date": "2024-05-04",
        "value": 1178129745.4612985
      },
      {
        "date": "2024-02-04",
        "value": 1119223258.1882336
      },
      {
        "date": "2023-11-06",
        "value": 1063262095.2788218
      }
    ],
    "eps_trend": [
      {
        "date": "2025-07-28",
        "value": 0.010194780726192815
      },
      {
        "date": "2025-04-29",
        "value": 0.009685041689883175
      },
      {
        "date": "2025-01-29",
        "value": 0.009200789605389014
      },
      {
        "date": "2024-10-31",
        "value": 0.008740750125119564
      },
      {
        "date": "2024-08-02",
        "value": 0.008303712618863585
      },
      {
        "date": "2024-05-04",
        "value": 0.007888526987920405
      },
      {
        "date": "2024-02-04",
        "value": 0.007494100638524385
      },
      {
        "date": "2023-11-06",
        "value": 0.0071193956065981655
      }
    ],
    "earnings_dates": [
      "2025-07-28",
      "2025-04-29",
      "2025-01-29",
      "2024-10-31",
      "2024-08-02",
      "2024-05-04",
      "2024-02-04",
      "2023-11-06"
    ]
  },
  "analysis": {
    "avg_revenue_growth": -0.20616697504365855,
    "avg_earnings_surprise": 2.022907373276603,
    "consistency_score": 68,
    "trend_direction": "stable"
  }
}