{
  "ticker": "COR",
  "quarters": [
    {
      "date": "2025-07-28",
      "quarter": "Q3 2025",
      "revenue": 37890729.739352524,
      "earnings": 2332382.711548594,
      "eps_actual": 0.045438368356636574,
      "eps_estimate": 0.045708270089342,
      "surprise_percent": -0.5904877436356123,
      "price_on_date": 32.57235297140504,
      "revenue_growth": 29.09103858315303,
      "earnings_growth": 23.376425571751856
    },
    {
      "date": "2025-04-29",
      "quarter": "Q2 2025",
      "revenue": 35996193.25238489,
      "earnings": 2215763.575971164,
      "eps_actual": 0.04316644993880474,
      "eps_estimate": 0.04196558098348604,
      "surprise_percent": 2.8615568453377453,
      "price_on_date": 30.720981513021254,
      "revenue_growth": 27.895831805861093,
      "earnings_growth": 29.396255261468788
    },
    {
      "date": "2025-01-29",
      "quarter": "Q1 2025",
      "revenue": 34196383.58976565,
      "earnings": 2104975.3971726056,
      "eps_actual": 0.0410081274418645,
      "eps_estimate": 0.039002077826899156,
      "surprise_percent": 5.143442931088668,
      "price_on_date": 28.445874716584814,
      "revenue_growth": 34.37653672923385,
      "earnings_growth": 22.42751057087633
    },
    {
      "date": "2024-10-31",
      "quarter": "Q4 2024",
      "revenue": 32486564.410277367,
      "earnings": 1999726.6273139752,
      "eps_actual": 0.03895772106977127,
      "eps_estimate": 0.039724761860238815,
      "surprise_percent": -1.9308883289626118,
      "price_on_date": 26.486487441271308,
      "revenue_growth": 26.673868885002555,
      "earnings_growth": 22.380197922300102
    },
    {
      "date": "2024-08-02",
      "quarter": "Q3 2024",
      "revenue": 30862236.189763498,
      "earnings": 1899740.2959482765,
      "eps_actual": 0.03700983501628271,
      "eps_estimate": 0.03523528929349894,
      "surprise_percent": 5.036274026310256,
      "price_on_date": 29.47816934603053,
      "revenue_growth": 28.187120557687887,
      "earnings_growth": 22.210507460292966
    },
    {
      "date": "2024-05-04",
      "quarter": "Q2 2024",
      "revenue": 29319124.380275317,
      "earnings": 1804753.2811508623,
      "eps_actual": 0.035159343265468566,
      "eps_estimate": 0.033795085286308306,
      "surprise_percent": 4.036853192120731,
      "price_on_date": 28.294684683615337,
      "revenue_growth": 27.959417150900222,
      "earnings_growth": 24.05881436412653
    },
    {
      "date": "2024-02-04",
      "quarter": "Q1 2024",
      "revenue": 27853168.161261555,
      "earnings": 1714515.6170933193,
      "eps_actual": 0.033401376102195145,
      "eps_estimate": 0.03267722883341782,
      "surprise_percent": 2.2160608308277627,
      "price_on_date": 26.559467681803145,
      "revenue_growth": 30.907674113051687,
      "earnings_growth": 37.318718332290906
    },
    {
      "date": "2023-11-06",
      "quarter": "Q4 2023",
      "revenue": 26460509.75319847,
      "earnings": 1628789.8362386532,
      "eps_actual": 0.031731307297085384,
      "eps_estimate": 0.031031727624469558,
      "surprise_percent": 2.254401305276295,
      "price_on_date": 25.32459002369198,
      "revenue_growth": 25.177092894427034,
      "earnings_growth": 26.08344133076126
    }
  ],
  "metrics": {
    "revenue_trend": [
      {
        "date": "2025-07-28",
        "value": 37890729.739352524
      },
      {
        "date": "2025-04-29",
        "value": 35996193.25238489
      },
      {
        "date": "2025-01-29",
        "value": 34196383.58976565
      },
      {
        "date": "2024-10-31",
        "value": 32486564.410277367
      },
      {
        "date": "2024-08-02",
        "value": 30862236.189763498
      },
      {
        "date": "2024-05-04",
        "value": 29319124.380275317
      },
      {
        "date": "2024-02-04",
        "value": 27853168.161261555
      },
      {
        "date": "2023-11-06",
        "value": 26460509.75319847
      }
    ],
    "eps_trend": [
      {
        "date": "2025-07-28",
        "value": 0.045438368356636574
      },
      {
        "date": "2025-04-29",
        "value": 0.04316644993880474
      },
      {
        "date": "2025-01-29",
        "value": 0.0410081274418645
      },
      {
        "date": "2024-10-31",
        "value": 0.03895772106977127
      },
      {
        "date": "2024-08-02",
        "value": 0.03700983501628271
      },
      {
        "date": "2024-05-04",
        "value": 0.035159343265468566
      },
      {
        "date": "2024-02-04",
        "value": 0.033401376102195145
      },
      {
        "date": "2023-11-06",
        "value": 0.031731307297085384
      }
    ],
    "earnings_dates": [
      "2025-07-28",
      "2025-04-29",
      "2025-01-29",
      "2024-10-31",
      "2024-08-02",
      "2024-05-04",
      "2024-02-04",
      "2023-11-06"
    ]
  },
  "analysis": {
    "avg_revenue_growth": 29.50931900081263,
    "avg_earnings_surprise": 1.3709059259570475,
    "consistency_score": 88,
    "trend_direction": "growing"
  }
}