{
  "ticker": "COST",
  "quarters": [
    {
      "date": "2025-07-28",
      "quarter": "Q3 2025",
      "revenue": 74546767259.23291,
      "earnings": 2755959660.287595,
      "eps_actual": 1.149211700118154,
      "eps_estimate": 1.147640384415728,
      "surprise_percent": 0.13691707992884536,
      "price_on_date": 917.8392689377569,
      "revenue_growth": 19.532103110123348,
      "earnings_growth": 19.06293582437094
    },
    {
      "date": "2025-04-29",
      "quarter": "Q2 2025",
      "revenue": 70819428896.27126,
      "earnings": 2618161677.273215,
      "eps_actual": 1.0917511151122463,
      "eps_estimate": 1.105664827826955,
      "surprise_percent": -1.258402398677572,
      "price_on_date": 802.129655357153,
      "revenue_growth": 17.713804794943417,
      "earnings_growth": 19.88015753033655
    },
    {
      "date": "2025-01-29",
      "quarter": "Q1 2025",
      "revenue": 67278457451.4577,
      "earnings": 2487253593.4095545,
      "eps_actual": 1.0371635593566342,
      "eps_estimate": 1.0472007595459722,
      "surprise_percent": -0.9584790784233035,
      "price_on_date": 841.4282763981134,
      "revenue_growth": 17.879747231390084,
      "earnings_growth": 19.804226984728395
    },
    {
      "date": "2024-10-31",
      "quarter": "Q4 2024",
      "revenue": 63914534578.88481,
      "earnings": 2362890913.739076,
      "eps_actual": 0.9853053813888023,
      "eps_estimate": 0.9379540663228912,
      "surprise_percent": 5.048361829864954,
      "price_on_date": 818.8036008613352,
      "revenue_growth": 15.598729402691713,
      "earnings_growth": 14.531662999517456
    },
    {
      "date": "2024-08-02",
      "quarter": "Q3 2024",
      "revenue": 60718807849.94057,
      "earnings": 2244746368.0521226,
      "eps_actual": 0.9360401123193622,
      "eps_estimate": 0.954499086344818,
      "surprise_percent": -1.933891219963652,
      "price_on_date": 668.1101948592826,
      "revenue_growth": 14.935278735898589,
      "earnings_growth": 20.09361838521762
    },
    {
      "date": "2024-05-04",
      "quarter": "Q2 2024",
      "revenue": 57682867457.44353,
      "earnings": 2132509049.6495159,
      "eps_actual": 0.8892381067033939,
      "eps_estimate": 0.8842390342507409,
      "surprise_percent": 0.5653530616739763,
      "price_on_date": 669.9801148829958,
      "revenue_growth": 16.578577084725072,
      "earnings_growth": 16.80988111727302
    },
    {
      "date": "2024-02-04",
      "quarter": "Q1 2024",
      "revenue": 54798724084.57136,
      "earnings": 2025883597.1670403,
      "eps_actual": 0.8447762013682243,
      "eps_estimate": 0.8115374375051927,
      "surprise_percent": 4.095777018644185,
      "price_on_date": 621.5860007602361,
      "revenue_growth": 20.568962069590878,
      "earnings_growth": 19.628427209513244
    },
    {
      "date": "2023-11-06",
      "quarter": "Q4 2023",
      "revenue": 52058787880.34278,
      "earnings": 1924589417.308688,
      "eps_actual": 0.8025373912998129,
      "eps_estimate": 0.7627623388778579,
      "surprise_percent": 5.214606227212305,
      "price_on_date": 640.2442749987549,
      "revenue_growth": 20.137017125659657,
      "earnings_growth": 22.73822492888596
    }
  ],
  "metrics": {
    "revenue_trend": [
      {
        "date": "2025-07-28",
        "value": 74546767259.23291
      },
      {
        "date": "2025-04-29",
        "value": 70819428896.27126
      },
      {
        "date": "2025-01-29",
        "value": 67278457451.4577
      },
      {
        "date": "2024-10-31",
        "value": 63914534578.88481
      },
      {
        "date": "2024-08-02",
        "value": 60718807849.94057
      },
      {
        "date": "2024-05-04",
        "value": 57682867457.44353
      },
      {
        "date": "2024-02-04",
        "value": 54798724084.57136
      },
      {
        "date": "2023-11-06",
        "value": 52058787880.34278
      }
    ],
    "eps_trend": [
      {
        "date": "2025-07-28",
        "value": 1.149211700118154
      },
      {
        "date": "2025-04-29",
        "value": 1.0917511151122463
      },
      {
        "date": "2025-01-29",
        "value": 1.0371635593566342
      },
      {
        "date": "2024-10-31",
        "value": 0.9853053813888023
      },
      {
        "date": "2024-08-02",
        "value": 0.9360401123193622
      },
      {
        "date": "2024-05-04",
        "value": 0.8892381067033939
      },
      {
        "date": "2024-02-04",
        "value": 0.8447762013682243
      },
      {
        "date": "2023-11-06",
        "value": 0.8025373912998129
      }
    ],
    "earnings_dates": [
      "2025-07-28",
      "2025-04-29",
      "2025-01-29",
      "2024-10-31",
      "2024-08-02",
      "2024-05-04",
      "2024-02-04",
      "2023-11-06"
    ]
  },
  "analysis": {
    "avg_revenue_growth": 17.68109613478714,
    "avg_earnings_surprise": 0.742099358173231,
    "consistency_score": 84,
    "trend_direction": "growing"
  }
}