{
  "ticker": "CPAY",
  "quarters": [
    {
      "date": "2025-07-28",
      "quarter": "Q3 2025",
      "revenue": 118769564.2811159,
      "earnings": 12184317.795651512,
      "eps_actual": 0.002510064754520583,
      "eps_estimate": 0.00253244068773399,
      "surprise_percent": -0.8835718570541847,
      "price_on_date": 0.1662322632487543,
      "revenue_growth": -10.948918641207635,
      "earnings_growth": -10.649157979832026
    },
    {
      "date": "2025-04-29",
      "quarter": "Q2 2025",
      "revenue": 112831086.0670601,
      "earnings": 11575101.905868936,
      "eps_actual": 0.002384561516794554,
      "eps_estimate": 0.002267208911112089,
      "surprise_percent": 5.176082588035625,
      "price_on_date": 0.15818281874416454,
      "revenue_growth": -15.180595057032459,
      "earnings_growth": -10.511979588011334
    },
    {
      "date": "2025-01-29",
      "quarter": "Q1 2025",
      "revenue": 107189531.7637071,
      "earnings": 10996346.810575489,
      "eps_actual": 0.002265333440954826,
      "eps_estimate": 0.0022756723917270686,
      "surprise_percent": -0.45432509573120233,
      "price_on_date": 0.1405623954460883,
      "revenue_growth": -14.521303064519447,
      "earnings_growth": -12.22303896556491
    },
    {
      "date": "2024-10-31",
      "quarter": "Q4 2024",
      "revenue": 101830055.17552173,
      "earnings": 10446529.470046714,
      "eps_actual": 0.0021520667689070845,
      "eps_estimate": 0.0021324638285431115,
      "surprise_percent": 0.9192625029126797,
      "price_on_date": 0.14193799981217167,
      "revenue_growth": -11.115438245060366,
      "earnings_growth": -13.159477536146365
    },
    {
      "date": "2024-08-02",
      "quarter": "Q3 2024",
      "revenue": 96738552.41674565,
      "earnings": 9924202.996544378,
      "eps_actual": 0.0020444634304617303,
      "eps_estimate": 0.0020687892459764694,
      "surprise_percent": -1.17584792950996,
      "price_on_date": 0.1262443462039719,
      "revenue_growth": -12.270147956107037,
      "earnings_growth": -9.832837233043573
    },
    {
      "date": "2024-05-04",
      "quarter": "Q2 2024",
      "revenue": 91901624.79590835,
      "earnings": 9427992.846717156,
      "eps_actual": 0.0019422402589386433,
      "eps_estimate": 0.0019488802666362034,
      "surprise_percent": -0.34070885786230576,
      "price_on_date": 0.1279937522982378,
      "revenue_growth": -12.835851490013809,
      "earnings_growth": -9.972524134610396
    },
    {
      "date": "2024-02-04",
      "quarter": "Q1 2024",
      "revenue": 87306543.55611293,
      "earnings": 8956593.2043813,
      "eps_actual": 0.0018451282459917115,
      "eps_estimate": 0.0017739833349927217,
      "surprise_percent": 4.010461067791353,
      "price_on_date": 0.12328352812945224,
      "revenue_growth": -13.059113578674628,
      "earnings_growth": -10.570730572388033
    },
    {
      "date": "2023-11-06",
      "quarter": "Q4 2023",
      "revenue": 82941216.37830728,
      "earnings": 8508763.544162234,
      "eps_actual": 0.0017528718336921258,
      "eps_estimate": 0.001692605596019093,
      "surprise_percent": 3.560559991930508,
      "price_on_date": 0.10800735414576929,
      "revenue_growth": -13.795158202765741,
      "earnings_growth": -14.576467635171642
    }
  ],
  "metrics": {
    "revenue_trend": [
      {
        "date": "2025-07-28",
        "value": 118769564.2811159
      },
      {
        "date": "2025-04-29",
        "value": 112831086.0670601
      },
      {
        "date": "2025-01-29",
        "value": 107189531.7637071
      },
      {
        "date": "2024-10-31",
        "value": 101830055.17552173
      },
      {
        "date": "2024-08-02",
        "value": 96738552.41674565
      },
      {
        "date": "2024-05-04",
        "value": 91901624.79590835
      },
      {
        "date": "2024-02-04",
        "value": 87306543.55611293
      },
      {
        "date": "2023-11-06",
        "value": 82941216.37830728
      }
    ],
    "eps_trend": [
      {
        "date": "2025-07-28",
        "value": 0.002510064754520583
      },
      {
        "date": "2025-04-29",
        "value": 0.002384561516794554
      },
      {
        "date": "2025-01-29",
        "value": 0.002265333440954826
      },
      {
        "date": "2024-10-31",
        "value": 0.0021520667689070845
      },
      {
        "date": "2024-08-02",
        "value": 0.0020444634304617303
      },
      {
        "date": "2024-05-04",
        "value": 0.0019422402589386433
      },
      {
        "date": "2024-02-04",
        "value": 0.0018451282459917115
      },
      {
        "date": "2023-11-06",
        "value": 0.0017528718336921258
      }
    ],
    "earnings_dates": [
      "2025-07-28",
      "2025-04-29",
      "2025-01-29",
      "2024-10-31",
      "2024-08-02",
      "2024-05-04",
      "2024-02-04",
      "2023-11-06"
    ]
  },
  "analysis": {
    "avg_revenue_growth": -12.941563751954979,
    "avg_earnings_surprise": 1.1893620345407294,
    "consistency_score": 90,
    "trend_direction": "declining"
  }
}