{
  "ticker": "CPB",
  "quarters": [
    {
      "date": "2025-07-28",
      "quarter": "Q3 2025",
      "revenue": 33092901.41724492,
      "earnings": 12277809.672422305,
      "eps_actual": 0.0026000915452019245,
      "eps_estimate": 0.002496302548001158,
      "surprise_percent": 4.157709059900312,
      "price_on_date": 0.36559587337964555,
      "revenue_growth": 21.89654297580294,
      "earnings_growth": 26.621154033762014
    },
    {
      "date": "2025-04-29",
      "quarter": "Q2 2025",
      "revenue": 31438256.34638267,
      "earnings": 11663919.188801188,
      "eps_actual": 0.002470086967941828,
      "eps_estimate": 0.0024167941789830657,
      "surprise_percent": 2.2051025040612617,
      "price_on_date": 0.3738341752260401,
      "revenue_growth": 19.359029252548762,
      "earnings_growth": 25.94298435770055
    },
    {
      "date": "2025-01-29",
      "quarter": "Q1 2025",
      "revenue": 29866343.529063538,
      "earnings": 11080723.22936113,
      "eps_actual": 0.002346582619544737,
      "eps_estimate": 0.002367171391745712,
      "surprise_percent": -0.8697626320074647,
      "price_on_date": 0.3603197953356545,
      "revenue_growth": 22.528826682544288,
      "earnings_growth": 21.989572589673127
    },
    {
      "date": "2024-10-31",
      "quarter": "Q4 2024",
      "revenue": 28373026.352610357,
      "earnings": 10526687.067893071,
      "eps_actual": 0.0022292534885674994,
      "eps_estimate": 0.0022070591946899746,
      "surprise_percent": 1.0056048306689163,
      "price_on_date": 0.31778515615947045,
      "revenue_growth": 24.3236027957159,
      "earnings_growth": 16.71959352674413
    },
    {
      "date": "2024-08-02",
      "quarter": "Q3 2024",
      "revenue": 26954375.03497984,
      "earnings": 10000352.714498417,
      "eps_actual": 0.0021177908141391246,
      "eps_estimate": 0.0020655153179979556,
      "surprise_percent": 2.530869448687417,
      "price_on_date": 0.29643632602971326,
      "revenue_growth": 25.02230503712091,
      "earnings_growth": 15.700775135117707
    },
    {
      "date": "2024-05-04",
      "quarter": "Q2 2024",
      "revenue": 25606656.283230845,
      "earnings": 9500335.078773497,
      "eps_actual": 0.0020119012734321684,
      "eps_estimate": 0.0019763950248733986,
      "surprise_percent": 1.7965157831261063,
      "price_on_date": 0.29418906575961273,
      "revenue_growth": 17.879430987402504,
      "earnings_growth": 24.06290733318441
    },
    {
      "date": "2024-02-04",
      "quarter": "Q1 2024",
      "revenue": 24326323.469069302,
      "earnings": 9025318.324834822,
      "eps_actual": 0.00191130620976056,
      "eps_estimate": 0.0018586649272538146,
      "surprise_percent": 2.8322093850731407,
      "price_on_date": 0.2798220251744088,
      "revenue_growth": 23.509847059452476,
      "earnings_growth": 16.577509312999826
    },
    {
      "date": "2023-11-06",
      "quarter": "Q4 2023",
      "revenue": 23110007.295615833,
      "earnings": 8574052.40859308,
      "eps_actual": 0.0018157408992725316,
      "eps_estimate": 0.0018420598871010472,
      "surprise_percent": -1.428780248286893,
      "price_on_date": 0.287951553047193,
      "revenue_growth": 25.78429548258336,
      "earnings_growth": 22.70135638996482
    }
  ],
  "metrics": {
    "revenue_trend": [
      {
        "date": "2025-07-28",
        "value": 33092901.41724492
      },
      {
        "date": "2025-04-29",
        "value": 31438256.34638267
      },
      {
        "date": "2025-01-29",
        "value": 29866343.529063538
      },
      {
        "date": "2024-10-31",
        "value": 28373026.352610357
      },
      {
        "date": "2024-08-02",
        "value": 26954375.03497984
      },
      {
        "date": "2024-05-04",
        "value": 25606656.283230845
      },
      {
        "date": "2024-02-04",
        "value": 24326323.469069302
      },
      {
        "date": "2023-11-06",
        "value": 23110007.295615833
      }
    ],
    "eps_trend": [
      {
        "date": "2025-07-28",
        "value": 0.0026000915452019245
      },
      {
        "date": "2025-04-29",
        "value": 0.002470086967941828
      },
      {
        "date": "2025-01-29",
        "value": 0.002346582619544737
      },
      {
        "date": "2024-10-31",
        "value": 0.0022292534885674994
      },
      {
        "date": "2024-08-02",
        "value": 0.0021177908141391246
      },
      {
        "date": "2024-05-04",
        "value": 0.0020119012734321684
      },
      {
        "date": "2024-02-04",
        "value": 0.00191130620976056
      },
      {
        "date": "2023-11-06",
        "value": 0.0018157408992725316
      }
    ],
    "earnings_dates": [
      "2025-07-28",
      "2025-04-29",
      "2025-01-29",
      "2024-10-31",
      "2024-08-02",
      "2024-05-04",
      "2024-02-04",
      "2023-11-06"
    ]
  },
  "analysis": {
    "avg_revenue_growth": 22.02700042665297,
    "avg_earnings_surprise": 1.6246634406557563,
    "consistency_score": 95,
    "trend_direction": "growing"
  }
}