{
  "ticker": "CPRT",
  "quarters": [
    {
      "date": "2025-07-28",
      "quarter": "Q3 2025",
      "revenue": 73514214.07532552,
      "earnings": 10020695.07013107,
      "eps_actual": 0.0020395592756510717,
      "eps_estimate": 0.0020294411047687214,
      "surprise_percent": 0.4985693282044461,
      "price_on_date": 0.27494318379662414,
      "revenue_growth": -9.257744497526566,
      "earnings_growth": -9.236423781046183
    },
    {
      "date": "2025-04-29",
      "quarter": "Q2 2025",
      "revenue": 69838503.37155923,
      "earnings": 9519660.316624515,
      "eps_actual": 0.0019375813118685176,
      "eps_estimate": 0.001845555246052589,
      "surprise_percent": 4.986362018301046,
      "price_on_date": 0.27796576145015456,
      "revenue_growth": -8.19196899259862,
      "earnings_growth": -5.94095156948514
    },
    {
      "date": "2025-01-29",
      "quarter": "Q1 2025",
      "revenue": 66346578.20298128,
      "earnings": 9043677.30079329,
      "eps_actual": 0.001840702246275092,
      "eps_estimate": 0.0018536115005372857,
      "surprise_percent": -0.6964379676351744,
      "price_on_date": 0.27053237498930766,
      "revenue_growth": -8.046581701278065,
      "earnings_growth": -5.951556843803023
    },
    {
      "date": "2024-10-31",
      "quarter": "Q4 2024",
      "revenue": 63029249.29283221,
      "earnings": 8591493.435753625,
      "eps_actual": 0.0017486671339613372,
      "eps_estimate": 0.0017148486765261827,
      "surprise_percent": 1.9720957247179125,
      "price_on_date": 0.25172456182040465,
      "revenue_growth": -6.874845919314821,
      "earnings_growth": -6.291116732247246
    },
    {
      "date": "2024-08-02",
      "quarter": "Q3 2024",
      "revenue": 59877786.828190595,
      "earnings": 8161918.763965944,
      "eps_actual": 0.0016612337772632705,
      "eps_estimate": 0.0016705779403932601,
      "surprise_percent": -0.559337155367322,
      "price_on_date": 0.2345454109977124,
      "revenue_growth": -8.936693424162424,
      "earnings_growth": -9.361383538563933
    },
    {
      "date": "2024-05-04",
      "quarter": "Q2 2024",
      "revenue": 56883897.48678106,
      "earnings": 7753822.825767646,
      "eps_actual": 0.0015781720884001068,
      "eps_estimate": 0.0015870509156688205,
      "surprise_percent": -0.5594544687290008,
      "price_on_date": 0.21101925990183035,
      "revenue_growth": -7.320325958682439,
      "earnings_growth": -8.92825516408322
    },
    {
      "date": "2024-02-04",
      "quarter": "Q1 2024",
      "revenue": 54039702.61244201,
      "earnings": 7366131.684479264,
      "eps_actual": 0.0014992634839801015,
      "eps_estimate": 0.001477764308417196,
      "surprise_percent": 1.4548446894033344,
      "price_on_date": 0.19718033722680892,
      "revenue_growth": -6.820304582075617,
      "earnings_growth": -7.71881966349674
    },
    {
      "date": "2023-11-06",
      "quarter": "Q4 2023",
      "revenue": 51337717.4818199,
      "earnings": 6997825.100255299,
      "eps_actual": 0.001424300309781096,
      "eps_estimate": 0.0014428098282408596,
      "surprise_percent": -1.2828799816488057,
      "price_on_date": 0.2086924805463484,
      "revenue_growth": -9.282154152977236,
      "earnings_growth": -8.505697742940862
    }
  ],
  "metrics": {
    "revenue_trend": [
      {
        "date": "2025-07-28",
        "value": 73514214.07532552
      },
      {
        "date": "2025-04-29",
        "value": 69838503.37155923
      },
      {
        "date": "2025-01-29",
        "value": 66346578.20298128
      },
      {
        "date": "2024-10-31",
        "value": 63029249.29283221
      },
      {
        "date": "2024-08-02",
        "value": 59877786.828190595
      },
      {
        "date": "2024-05-04",
        "value": 56883897.48678106
      },
      {
        "date": "2024-02-04",
        "value": 54039702.61244201
      },
      {
        "date": "2023-11-06",
        "value": 51337717.4818199
      }
    ],
    "eps_trend": [
      {
        "date": "2025-07-28",
        "value": 0.0020395592756510717
      },
      {
        "date": "2025-04-29",
        "value": 0.0019375813118685176
      },
      {
        "date": "2025-01-29",
        "value": 0.001840702246275092
      },
      {
        "date": "2024-10-31",
        "value": 0.0017486671339613372
      },
      {
        "date": "2024-08-02",
        "value": 0.0016612337772632705
      },
      {
        "date": "2024-05-04",
        "value": 0.0015781720884001068
      },
      {
        "date": "2024-02-04",
        "value": 0.0014992634839801015
      },
      {
        "date": "2023-11-06",
        "value": 0.001424300309781096
      }
    ],
    "earnings_dates": [
      "2025-07-28",
      "2025-04-29",
      "2025-01-29",
      "2024-10-31",
      "2024-08-02",
      "2024-05-04",
      "2024-02-04",
      "2023-11-06"
    ]
  },
  "analysis": {
    "avg_revenue_growth": -8.092785277679518,
    "avg_earnings_surprise": 1.6901472758970577,
    "consistency_score": 84,
    "trend_direction": "declining"
  }
}