{
  "ticker": "CPT",
  "quarters": [
    {
      "date": "2025-07-28",
      "quarter": "Q3 2025",
      "revenue": 50156055.0066123,
      "earnings": 1351392.2644112604,
      "eps_actual": 0.00035198784892167835,
      "eps_estimate": 0.0003586654206454859,
      "surprise_percent": -1.8617829708227747,
      "price_on_date": 0.4810424578927295,
      "revenue_growth": -11.174503151749494,
      "earnings_growth": -12.388196831460691
    },
    {
      "date": "2025-04-29",
      "quarter": "Q2 2025",
      "revenue": 47648252.25628168,
      "earnings": 1283822.6511906972,
      "eps_actual": 0.0003343884564755944,
      "eps_estimate": 0.00032741657681841077,
      "surprise_percent": 2.129360622156374,
      "price_on_date": 0.4195193696893141,
      "revenue_growth": -14.300131885610396,
      "earnings_growth": -12.764683047726372
    },
    {
      "date": "2025-01-29",
      "quarter": "Q1 2025",
      "revenue": 45265839.6434676,
      "earnings": 1219631.5186311624,
      "eps_actual": 0.0003176690336518147,
      "eps_estimate": 0.00030872999024389246,
      "surprise_percent": 2.8954243806571944,
      "price_on_date": 0.4265614127088473,
      "revenue_growth": -15.622460184901723,
      "earnings_growth": -11.435023626239856
    },
    {
      "date": "2024-10-31",
      "quarter": "Q4 2024",
      "revenue": 43002547.661294214,
      "earnings": 1158649.9426996042,
      "eps_actual": 0.00030178558196922395,
      "eps_estimate": 0.0002931253878944975,
      "surprise_percent": 2.954433301370493,
      "price_on_date": 0.4086219403282039,
      "revenue_growth": -15.792561836901887,
      "earnings_growth": -17.084410003825614
    },
    {
      "date": "2024-08-02",
      "quarter": "Q3 2024",
      "revenue": 40852420.278229505,
      "earnings": 1100717.445564624,
      "eps_actual": 0.0002866963028707627,
      "eps_estimate": 0.00028613161065057103,
      "surprise_percent": 0.19735401443684075,
      "price_on_date": 0.38005559533257366,
      "revenue_growth": -15.708165960165243,
      "earnings_growth": -9.975449451061777
    },
    {
      "date": "2024-05-04",
      "quarter": "Q2 2024",
      "revenue": 38809799.26431803,
      "earnings": 1045681.5732863926,
      "eps_actual": 0.00027236148772722454,
      "eps_estimate": 0.00027222277176200963,
      "surprise_percent": 0.050956782313633917,
      "price_on_date": 0.35964800356642274,
      "revenue_growth": -12.456856715140125,
      "earnings_growth": -14.535170477304753
    },
    {
      "date": "2024-02-04",
      "quarter": "Q1 2024",
      "revenue": 36869309.301102124,
      "earnings": 993397.494622073,
      "eps_actual": 0.00025874341334086335,
      "eps_estimate": 0.0002600631144494366,
      "surprise_percent": -0.5074541660269963,
      "price_on_date": 0.3267693978705563,
      "revenue_growth": -12.07951198255237,
      "earnings_growth": -12.965471274325251
    },
    {
      "date": "2023-11-06",
      "quarter": "Q4 2023",
      "revenue": 35025843.836047016,
      "earnings": 943727.6198909692,
      "eps_actual": 0.00024580624267382016,
      "eps_estimate": 0.0002452295411991745,
      "surprise_percent": 0.23516802740223053,
      "price_on_date": 0.3068047036642652,
      "revenue_growth": -14.091531755710035,
      "earnings_growth": -15.379434484306241
    }
  ],
  "metrics": {
    "revenue_trend": [
      {
        "date": "2025-07-28",
        "value": 50156055.0066123
      },
      {
        "date": "2025-04-29",
        "value": 47648252.25628168
      },
      {
        "date": "2025-01-29",
        "value": 45265839.6434676
      },
      {
        "date": "2024-10-31",
        "value": 43002547.661294214
      },
      {
        "date": "2024-08-02",
        "value": 40852420.278229505
      },
      {
        "date": "2024-05-04",
        "value": 38809799.26431803
      },
      {
        "date": "2024-02-04",
        "value": 36869309.301102124
      },
      {
        "date": "2023-11-06",
        "value": 35025843.836047016
      }
    ],
    "eps_trend": [
      {
        "date": "2025-07-28",
        "value": 0.00035198784892167835
      },
      {
        "date": "2025-04-29",
        "value": 0.0003343884564755944
      },
      {
        "date": "2025-01-29",
        "value": 0.0003176690336518147
      },
      {
        "date": "2024-10-31",
        "value": 0.00030178558196922395
      },
      {
        "date": "2024-08-02",
        "value": 0.0002866963028707627
      },
      {
        "date": "2024-05-04",
        "value": 0.00027236148772722454
      },
      {
        "date": "2024-02-04",
        "value": 0.00025874341334086335
      },
      {
        "date": "2023-11-06",
        "value": 0.00024580624267382016
      }
    ],
    "earnings_dates": [
      "2025-07-28",
      "2025-04-29",
      "2025-01-29",
      "2024-10-31",
      "2024-08-02",
      "2024-05-04",
      "2024-02-04",
      "2023-11-06"
    ]
  },
  "analysis": {
    "avg_revenue_growth": -14.222414264790876,
    "avg_earnings_surprise": 1.5293588333403216,
    "consistency_score": 79,
    "trend_direction": "declining"
  }
}