{
  "ticker": "CRL",
  "quarters": [
    {
      "date": "2025-07-28",
      "quarter": "Q3 2025",
      "revenue": 75337399.71277758,
      "earnings": 2738737.6080026203,
      "eps_actual": 0.00123411744565521,
      "eps_estimate": 0.00123845532437882,
      "surprise_percent": -0.35026525690668764,
      "price_on_date": 0.8814124413721771,
      "revenue_growth": 15.631936848694885,
      "earnings_growth": 14.338614752368377
    },
    {
      "date": "2025-04-29",
      "quarter": "Q2 2025",
      "revenue": 71570529.7271387,
      "earnings": 2601800.727602489,
      "eps_actual": 0.0011724115733724495,
      "eps_estimate": 0.0011952556215220653,
      "surprise_percent": -1.9112269993363955,
      "price_on_date": 0.7618061521556159,
      "revenue_growth": 19.691481338473455,
      "earnings_growth": 21.524444097815365
    },
    {
      "date": "2025-01-29",
      "quarter": "Q1 2025",
      "revenue": 67992003.24078177,
      "earnings": 2471710.6912223645,
      "eps_actual": 0.001113790994703827,
      "eps_estimate": 0.0010992789100805777,
      "surprise_percent": 1.3201458237914874,
      "price_on_date": 0.6821049006137357,
      "revenue_growth": 19.95770944550879,
      "earnings_growth": 19.874024643506438
    },
    {
      "date": "2024-10-31",
      "quarter": "Q4 2024",
      "revenue": 64592403.078742675,
      "earnings": 2348125.156661246,
      "eps_actual": 0.0010581014449686356,
      "eps_estimate": 0.0010441881035950053,
      "surprise_percent": 1.3324554575682694,
      "price_on_date": 0.7478296411828831,
      "revenue_growth": 14.495780806196391,
      "earnings_growth": 20.159992246411367
    },
    {
      "date": "2024-08-02",
      "quarter": "Q3 2024",
      "revenue": 61362782.92480554,
      "earnings": 2230718.8988281838,
      "eps_actual": 0.0010051963727202037,
      "eps_estimate": 0.0009738877271936924,
      "surprise_percent": 3.2148105630952766,
      "price_on_date": 0.7169103884944987,
      "revenue_growth": 17.199304938601447,
      "earnings_growth": 19.864446829322787
    },
    {
      "date": "2024-05-04",
      "quarter": "Q2 2024",
      "revenue": 58294643.77856525,
      "earnings": 2119182.9538867744,
      "eps_actual": 0.0009549365540841935,
      "eps_estimate": 0.0009636319539345529,
      "surprise_percent": -0.9023569439406486,
      "price_on_date": 0.6708967487847464,
      "revenue_growth": 13.997396855995728,
      "earnings_growth": 12.172679270894578
    },
    {
      "date": "2024-02-04",
      "quarter": "Q1 2024",
      "revenue": 55379911.58963699,
      "earnings": 2013223.8061924356,
      "eps_actual": 0.0009071897263799838,
      "eps_estimate": 0.0008848858317273892,
      "surprise_percent": 2.5205392439220207,
      "price_on_date": 0.5774014464060561,
      "revenue_growth": 14.097984020278158,
      "earnings_growth": 13.599045845368464
    },
    {
      "date": "2023-11-06",
      "quarter": "Q4 2023",
      "revenue": 52610916.010155134,
      "earnings": 1912562.6158828135,
      "eps_actual": 0.0008618302400609845,
      "eps_estimate": 0.0008459323807648861,
      "surprise_percent": 1.8793297972260734,
      "price_on_date": 0.5699713805927229,
      "revenue_growth": 14.188493560459909,
      "earnings_growth": 14.419908769115546
    }
  ],
  "metrics": {
    "revenue_trend": [
      {
        "date": "2025-07-28",
        "value": 75337399.71277758
      },
      {
        "date": "2025-04-29",
        "value": 71570529.7271387
      },
      {
        "date": "2025-01-29",
        "value": 67992003.24078177
      },
      {
        "date": "2024-10-31",
        "value": 64592403.078742675
      },
      {
        "date": "2024-08-02",
        "value": 61362782.92480554
      },
      {
        "date": "2024-05-04",
        "value": 58294643.77856525
      },
      {
        "date": "2024-02-04",
        "value": 55379911.58963699
      },
      {
        "date": "2023-11-06",
        "value": 52610916.010155134
      }
    ],
    "eps_trend": [
      {
        "date": "2025-07-28",
        "value": 0.00123411744565521
      },
      {
        "date": "2025-04-29",
        "value": 0.0011724115733724495
      },
      {
        "date": "2025-01-29",
        "value": 0.001113790994703827
      },
      {
        "date": "2024-10-31",
        "value": 0.0010581014449686356
      },
      {
        "date": "2024-08-02",
        "value": 0.0010051963727202037
      },
      {
        "date": "2024-05-04",
        "value": 0.0009549365540841935
      },
      {
        "date": "2024-02-04",
        "value": 0.0009071897263799838
      },
      {
        "date": "2023-11-06",
        "value": 0.0008618302400609845
      }
    ],
    "earnings_dates": [
      "2025-07-28",
      "2025-04-29",
      "2025-01-29",
      "2024-10-31",
      "2024-08-02",
      "2024-05-04",
      "2024-02-04",
      "2023-11-06"
    ]
  },
  "analysis": {
    "avg_revenue_growth": 17.44422710971838,
    "avg_earnings_surprise": 0.09777725627916839,
    "consistency_score": 67,
    "trend_direction": "growing"
  }
}