{
  "ticker": "CRM",
  "quarters": [
    {
      "date": "2025-07-28",
      "quarter": "Q3 2025",
      "revenue": 19285236505.14158,
      "earnings": 920501664.5917925,
      "eps_actual": 2.177490129198285,
      "eps_estimate": 2.0696270851133973,
      "surprise_percent": 5.2117139778820505,
      "price_on_date": 2770.207641429295,
      "revenue_growth": 1.5604538871908078,
      "earnings_growth": 1.9997192020306933
    },
    {
      "date": "2025-04-29",
      "quarter": "Q2 2025",
      "revenue": 18320974679.8845,
      "earnings": 874476581.3622028,
      "eps_actual": 2.0686156227383705,
      "eps_estimate": 2.0885096508578314,
      "surprise_percent": -0.9525466215245687,
      "price_on_date": 3021.6983238932235,
      "revenue_growth": 1.647454360707251,
      "earnings_growth": 1.2594458334184235
    },
    {
      "date": "2025-01-29",
      "quarter": "Q1 2025",
      "revenue": 17404925945.890274,
      "earnings": 830752752.2940927,
      "eps_actual": 1.9651848416014521,
      "eps_estimate": 1.9249943153197124,
      "surprise_percent": 2.0878257126211124,
      "price_on_date": 2460.127755583225,
      "revenue_growth": 1.4847026634306528,
      "earnings_growth": 1.7912415692654355
    },
    {
      "date": "2024-10-31",
      "quarter": "Q4 2024",
      "revenue": 16534679648.595758,
      "earnings": 789215114.6793879,
      "eps_actual": 1.8669255995213794,
      "eps_estimate": 1.7915890017004932,
      "surprise_percent": 4.205015645294774,
      "price_on_date": 2366.7137299686906,
      "revenue_growth": 1.7679063840311013,
      "earnings_growth": 1.2259501709777083
    },
    {
      "date": "2024-08-02",
      "quarter": "Q3 2024",
      "revenue": 15707945666.16597,
      "earnings": 749754358.9454185,
      "eps_actual": 1.7735793195453102,
      "eps_estimate": 1.6964421997030663,
      "surprise_percent": 4.546993693964079,
      "price_on_date": 2487.7669185824975,
      "revenue_growth": 1.8381587957541672,
      "earnings_growth": 1.52212636411378
    },
    {
      "date": "2024-05-04",
      "quarter": "Q2 2024",
      "revenue": 14922548382.85767,
      "earnings": 712266640.9981475,
      "eps_actual": 1.6849003535680445,
      "eps_estimate": 1.6207396654591757,
      "surprise_percent": 3.9587288122976396,
      "price_on_date": 2186.0097163314326,
      "revenue_growth": 1.628048737801124,
      "earnings_growth": 2.0254853504766106
    },
    {
      "date": "2024-02-04",
      "quarter": "Q1 2024",
      "revenue": 14176420963.714787,
      "earnings": 676653308.9482402,
      "eps_actual": 1.6006553358896425,
      "eps_estimate": 1.5360197311095205,
      "surprise_percent": 4.207993131275302,
      "price_on_date": 2376.769812545548,
      "revenue_growth": 1.5427143435761537,
      "earnings_growth": 1.7114248099415381
    },
    {
      "date": "2023-11-06",
      "quarter": "Q4 2023",
      "revenue": 13467599915.529045,
      "earnings": 642820643.500828,
      "eps_actual": 1.52062256909516,
      "eps_estimate": 1.4946815329575562,
      "surprise_percent": 1.7355560743614558,
      "price_on_date": 2053.2201693070897,
      "revenue_growth": 1.5363464704023106,
      "earnings_growth": 1.6492661010602034
    }
  ],
  "metrics": {
    "revenue_trend": [
      {
        "date": "2025-07-28",
        "value": 19285236505.14158
      },
      {
        "date": "2025-04-29",
        "value": 18320974679.8845
      },
      {
        "date": "2025-01-29",
        "value": 17404925945.890274
      },
      {
        "date": "2024-10-31",
        "value": 16534679648.595758
      },
      {
        "date": "2024-08-02",
        "value": 15707945666.16597
      },
      {
        "date": "2024-05-04",
        "value": 14922548382.85767
      },
      {
        "date": "2024-02-04",
        "value": 14176420963.714787
      },
      {
        "date": "2023-11-06",
        "value": 13467599915.529045
      }
    ],
    "eps_trend": [
      {
        "date": "2025-07-28",
        "value": 2.177490129198285
      },
      {
        "date": "2025-04-29",
        "value": 2.0686156227383705
      },
      {
        "date": "2025-01-29",
        "value": 1.9651848416014521
      },
      {
        "date": "2024-10-31",
        "value": 1.8669255995213794
      },
      {
        "date": "2024-08-02",
        "value": 1.7735793195453102
      },
      {
        "date": "2024-05-04",
        "value": 1.6849003535680445
      },
      {
        "date": "2024-02-04",
        "value": 1.6006553358896425
      },
      {
        "date": "2023-11-06",
        "value": 1.52062256909516
      }
    ],
    "earnings_dates": [
      "2025-07-28",
      "2025-04-29",
      "2025-01-29",
      "2024-10-31",
      "2024-08-02",
      "2024-05-04",
      "2024-02-04",
      "2023-11-06"
    ]
  },
  "analysis": {
    "avg_revenue_growth": 1.6151293238399531,
    "avg_earnings_surprise": 2.638002178568342,
    "consistency_score": 93,
    "trend_direction": "stable"
  }
}