{
  "ticker": "CRWD",
  "quarters": [
    {
      "date": "2025-07-28",
      "quarter": "Q3 2025",
      "revenue": 2497059437.9884872,
      "earnings": 176965120.80837542,
      "eps_actual": 0.28221272268253,
      "eps_estimate": 0.2739830456194066,
      "surprise_percent": 3.0037176368041902,
      "price_on_date": 40.49200613744856,
      "revenue_growth": 2.4185714350023315,
      "earnings_growth": 2.6092610602100472
    },
    {
      "date": "2025-04-29",
      "quarter": "Q2 2025",
      "revenue": 2372206466.0890627,
      "earnings": 168116864.76795664,
      "eps_actual": 0.2681020865484035,
      "eps_estimate": 0.2711574222406943,
      "surprise_percent": -1.1267756077053601,
      "price_on_date": 32.1709854182746,
      "revenue_growth": 2.2547709574109303,
      "earnings_growth": 2.142490319514373
    },
    {
      "date": "2025-01-29",
      "quarter": "Q1 2025",
      "revenue": 2253596142.78461,
      "earnings": 159711021.5295588,
      "eps_actual": 0.2546969822209833,
      "eps_estimate": 0.24601668102730456,
      "surprise_percent": 3.528338467713636,
      "price_on_date": 36.38257425109528,
      "revenue_growth": 1.7135303566951492,
      "earnings_growth": 2.1090646535501474
    },
    {
      "date": "2024-10-31",
      "quarter": "Q4 2024",
      "revenue": 2140916335.645379,
      "earnings": 151725470.45308086,
      "eps_actual": 0.24196213310993414,
      "eps_estimate": 0.23215889071600285,
      "surprise_percent": 4.2226435368023365,
      "price_on_date": 34.77290397456066,
      "revenue_growth": 1.8822395228876503,
      "earnings_growth": 1.682153011958
    },
    {
      "date": "2024-08-02",
      "quarter": "Q3 2024",
      "revenue": 2033870518.86311,
      "earnings": 144139196.9304268,
      "eps_actual": 0.2298640264544374,
      "eps_estimate": 0.22042664007358734,
      "surprise_percent": 4.281418243139525,
      "price_on_date": 28.149959132275235,
      "revenue_growth": 2.1142867387403235,
      "earnings_growth": 1.6382898495668674
    },
    {
      "date": "2024-05-04",
      "quarter": "Q2 2024",
      "revenue": 1932176992.9199543,
      "earnings": 136932237.08390546,
      "eps_actual": 0.21837082513171555,
      "eps_estimate": 0.21397146985553558,
      "surprise_percent": 2.0560476025846897,
      "price_on_date": 28.480420121990754,
      "revenue_growth": 2.3841907081256113,
      "earnings_growth": 1.9114157433507954
    },
    {
      "date": "2024-02-04",
      "quarter": "Q1 2024",
      "revenue": 1835568143.2739565,
      "earnings": 130085625.22971018,
      "eps_actual": 0.20745228387512973,
      "eps_estimate": 0.21145808615751868,
      "surprise_percent": -1.8943717666133415,
      "price_on_date": 29.29387263572703,
      "revenue_growth": 2.3220972981964825,
      "earnings_growth": 2.113440476905772
    },
    {
      "date": "2023-11-06",
      "quarter": "Q4 2023",
      "revenue": 1743789736.1102586,
      "earnings": 123581343.96822466,
      "eps_actual": 0.19707966968137325,
      "eps_estimate": 0.1979239833272276,
      "surprise_percent": -0.4265848088043237,
      "price_on_date": 25.8568683850408,
      "revenue_growth": 1.846399706596919,
      "earnings_growth": 2.108026355722132
    }
  ],
  "metrics": {
    "revenue_trend": [
      {
        "date": "2025-07-28",
        "value": 2497059437.9884872
      },
      {
        "date": "2025-04-29",
        "value": 2372206466.0890627
      },
      {
        "date": "2025-01-29",
        "value": 2253596142.78461
      },
      {
        "date": "2024-10-31",
        "value": 2140916335.645379
      },
      {
        "date": "2024-08-02",
        "value": 2033870518.86311
      },
      {
        "date": "2024-05-04",
        "value": 1932176992.9199543
      },
      {
        "date": "2024-02-04",
        "value": 1835568143.2739565
      },
      {
        "date": "2023-11-06",
        "value": 1743789736.1102586
      }
    ],
    "eps_trend": [
      {
        "date": "2025-07-28",
        "value": 0.28221272268253
      },
      {
        "date": "2025-04-29",
        "value": 0.2681020865484035
      },
      {
        "date": "2025-01-29",
        "value": 0.2546969822209833
      },
      {
        "date": "2024-10-31",
        "value": 0.24196213310993414
      },
      {
        "date": "2024-08-02",
        "value": 0.2298640264544374
      },
      {
        "date": "2024-05-04",
        "value": 0.21837082513171555
      },
      {
        "date": "2024-02-04",
        "value": 0.20745228387512973
      },
      {
        "date": "2023-11-06",
        "value": 0.19707966968137325
      }
    ],
    "earnings_dates": [
      "2025-07-28",
      "2025-04-29",
      "2025-01-29",
      "2024-10-31",
      "2024-08-02",
      "2024-05-04",
      "2024-02-04",
      "2023-11-06"
    ]
  },
  "analysis": {
    "avg_revenue_growth": 2.0672780679990153,
    "avg_earnings_surprise": 2.406981008403701,
    "consistency_score": 87,
    "trend_direction": "stable"
  }
}