{
  "ticker": "CSCO",
  "quarters": [
    {
      "date": "2025-07-28",
      "quarter": "Q3 2025",
      "revenue": 81604759969.28365,
      "earnings": 3439069204.1988378,
      "eps_actual": 0.8998315708039063,
      "eps_estimate": 0.8884949810443618,
      "surprise_percent": 1.275931772424781,
      "price_on_date": 390.9163425056708,
      "revenue_growth": 49.71734058339978,
      "earnings_growth": 56.788997628399734
    },
    {
      "date": "2025-04-29",
      "quarter": "Q2 2025",
      "revenue": 77524521970.81946,
      "earnings": 3267115743.988896,
      "eps_actual": 0.854839992263711,
      "eps_estimate": 0.8168493020187962,
      "surprise_percent": 4.650881154090839,
      "price_on_date": 391.7417497985663,
      "revenue_growth": 45.04118924223618,
      "earnings_growth": 34.585136595197795
    },
    {
      "date": "2025-01-29",
      "quarter": "Q1 2025",
      "revenue": 73648295872.27849,
      "earnings": 3103759956.789451,
      "eps_actual": 0.8120979926505254,
      "eps_estimate": 0.8199463228577643,
      "surprise_percent": -0.9571760965870322,
      "price_on_date": 397.3593632787858,
      "revenue_growth": 55.944639972345215,
      "earnings_growth": 36.711977018259425
    },
    {
      "date": "2024-10-31",
      "quarter": "Q4 2024",
      "revenue": 69965881078.66455,
      "earnings": 2948571958.949978,
      "eps_actual": 0.771493093017999,
      "eps_estimate": 0.7798404783742477,
      "surprise_percent": -1.0703965218182554,
      "price_on_date": 360.9139337302332,
      "revenue_growth": 53.82429512286655,
      "earnings_growth": 50.8321193213572
    },
    {
      "date": "2024-08-02",
      "quarter": "Q3 2024",
      "revenue": 66467587024.73133,
      "earnings": 2801143361.0024796,
      "eps_actual": 0.7329184383670991,
      "eps_estimate": 0.7145251938302041,
      "surprise_percent": 2.5741911825807406,
      "price_on_date": 379.40732697802366,
      "revenue_growth": 39.22777725846036,
      "earnings_growth": 50.55976397816153
    },
    {
      "date": "2024-05-04",
      "quarter": "Q2 2024",
      "revenue": 63144207673.49475,
      "earnings": 2661086192.952355,
      "eps_actual": 0.696272516448744,
      "eps_estimate": 0.6918785540745003,
      "surprise_percent": 0.6350771169835373,
      "price_on_date": 335.39980213173885,
      "revenue_growth": 38.91307426347368,
      "earnings_growth": 40.79115182003769
    },
    {
      "date": "2024-02-04",
      "quarter": "Q1 2024",
      "revenue": 59986997289.820015,
      "earnings": 2528031883.304737,
      "eps_actual": 0.6614588906263068,
      "eps_estimate": 0.6505948402200391,
      "surprise_percent": 1.6698642126631908,
      "price_on_date": 307.6042983104612,
      "revenue_growth": 43.14145136353317,
      "earnings_growth": 49.530318385681454
    },
    {
      "date": "2023-11-06",
      "quarter": "Q4 2023",
      "revenue": 56987647425.32901,
      "earnings": 2401630289.1395,
      "eps_actual": 0.6283859460949914,
      "eps_estimate": 0.6354165136650983,
      "surprise_percent": -1.1064502446677698,
      "price_on_date": 282.7537406309483,
      "revenue_growth": 46.549626982511484,
      "earnings_growth": 54.609727635018174
    }
  ],
  "metrics": {
    "revenue_trend": [
      {
        "date": "2025-07-28",
        "value": 81604759969.28365
      },
      {
        "date": "2025-04-29",
        "value": 77524521970.81946
      },
      {
        "date": "2025-01-29",
        "value": 73648295872.27849
      },
      {
        "date": "2024-10-31",
        "value": 69965881078.66455
      },
      {
        "date": "2024-08-02",
        "value": 66467587024.73133
      },
      {
        "date": "2024-05-04",
        "value": 63144207673.49475
      },
      {
        "date": "2024-02-04",
        "value": 59986997289.820015
      },
      {
        "date": "2023-11-06",
        "value": 56987647425.32901
      }
    ],
    "eps_trend": [
      {
        "date": "2025-07-28",
        "value": 0.8998315708039063
      },
      {
        "date": "2025-04-29",
        "value": 0.854839992263711
      },
      {
        "date": "2025-01-29",
        "value": 0.8120979926505254
      },
      {
        "date": "2024-10-31",
        "value": 0.771493093017999
      },
      {
        "date": "2024-08-02",
        "value": 0.7329184383670991
      },
      {
        "date": "2024-05-04",
        "value": 0.696272516448744
      },
      {
        "date": "2024-02-04",
        "value": 0.6614588906263068
      },
      {
        "date": "2023-11-06",
        "value": 0.6283859460949914
      }
    ],
    "earnings_dates": [
      "2025-07-28",
      "2025-04-29",
      "2025-01-29",
      "2024-10-31",
      "2024-08-02",
      "2024-05-04",
      "2024-02-04",
      "2023-11-06"
    ]
  },
  "analysis": {
    "avg_revenue_growth": 51.13186623021193,
    "avg_earnings_surprise": 0.974810077027583,
    "consistency_score": 91,
    "trend_direction": "growing"
  }
}