{
  "ticker": "CSGP",
  "quarters": [
    {
      "date": "2025-07-28",
      "quarter": "Q3 2025",
      "revenue": 121800716.9000981,
      "earnings": 9219095.823216066,
      "eps_actual": 0.04692420961056019,
      "eps_estimate": 0.04707694853335902,
      "surprise_percent": -0.3244452488049393,
      "price_on_date": 6.249614538750708,
      "revenue_growth": 33.323283100854816,
      "earnings_growth": 37.20422225686854
    },
    {
      "date": "2025-04-29",
      "quarter": "Q2 2025",
      "revenue": 115710681.05509318,
      "earnings": 8758141.032055262,
      "eps_actual": 0.04457799913003218,
      "eps_estimate": 0.04323256113214534,
      "surprise_percent": 3.1120941314912,
      "price_on_date": 5.383209657251572,
      "revenue_growth": 31.129657255539968,
      "earnings_growth": 38.27580636358734
    },
    {
      "date": "2025-01-29",
      "quarter": "Q1 2025",
      "revenue": 109925147.00233853,
      "earnings": 8320233.980452499,
      "eps_actual": 0.042349099173530566,
      "eps_estimate": 0.04202073292083545,
      "surprise_percent": 0.7814386610384468,
      "price_on_date": 5.1092763171023305,
      "revenue_growth": 32.32900423073818,
      "earnings_growth": 24.59813796589117
    },
    {
      "date": "2024-10-31",
      "quarter": "Q4 2024",
      "revenue": 104428889.65222159,
      "earnings": 7904222.281429873,
      "eps_actual": 0.040231644214854034,
      "eps_estimate": 0.038612814964283516,
      "surprise_percent": 4.192466288893777,
      "price_on_date": 4.954037000445807,
      "revenue_growth": 29.3701241360527,
      "earnings_growth": 23.399706482937862
    },
    {
      "date": "2024-08-02",
      "quarter": "Q3 2024",
      "revenue": 99207445.16961052,
      "earnings": 7509011.16735838,
      "eps_actual": 0.038220062004111335,
      "eps_estimate": 0.03880250678970467,
      "surprise_percent": -1.5010493748508869,
      "price_on_date": 4.696821060621904,
      "revenue_growth": 24.958361026799924,
      "earnings_growth": 37.226517750865355
    },
    {
      "date": "2024-05-04",
      "quarter": "Q2 2024",
      "revenue": 94247072.91112997,
      "earnings": 7133560.608990459,
      "eps_actual": 0.036309058903905754,
      "eps_estimate": 0.03690517105673225,
      "surprise_percent": -1.6152537320857487,
      "price_on_date": 4.567660102168251,
      "revenue_growth": 25.309014826648454,
      "earnings_growth": 31.13826712252851
    },
    {
      "date": "2024-02-04",
      "quarter": "Q1 2024",
      "revenue": 89534719.26557347,
      "earnings": 6776882.578540936,
      "eps_actual": 0.03449360595871047,
      "eps_estimate": 0.03320075720263139,
      "surprise_percent": 3.8940339468420717,
      "price_on_date": 4.38607066229521,
      "revenue_growth": 35.3871309838972,
      "earnings_growth": 30.886451435645657
    },
    {
      "date": "2023-11-06",
      "quarter": "Q4 2023",
      "revenue": 85057983.30229479,
      "earnings": 6438038.449613889,
      "eps_actual": 0.032768925660774946,
      "eps_estimate": 0.03266908042782293,
      "surprise_percent": 0.3056260893923996,
      "price_on_date": 3.855304578720027,
      "revenue_growth": 34.9582886514626,
      "earnings_growth": 24.277810296040116
    }
  ],
  "metrics": {
    "revenue_trend": [
      {
        "date": "2025-07-28",
        "value": 121800716.9000981
      },
      {
        "date": "2025-04-29",
        "value": 115710681.05509318
      },
      {
        "date": "2025-01-29",
        "value": 109925147.00233853
      },
      {
        "date": "2024-10-31",
        "value": 104428889.65222159
      },
      {
        "date": "2024-08-02",
        "value": 99207445.16961052
      },
      {
        "date": "2024-05-04",
        "value": 94247072.91112997
      },
      {
        "date": "2024-02-04",
        "value": 89534719.26557347
      },
      {
        "date": "2023-11-06",
        "value": 85057983.30229479
      }
    ],
    "eps_trend": [
      {
        "date": "2025-07-28",
        "value": 0.04692420961056019
      },
      {
        "date": "2025-04-29",
        "value": 0.04457799913003218
      },
      {
        "date": "2025-01-29",
        "value": 0.042349099173530566
      },
      {
        "date": "2024-10-31",
        "value": 0.040231644214854034
      },
      {
        "date": "2024-08-02",
        "value": 0.038220062004111335
      },
      {
        "date": "2024-05-04",
        "value": 0.036309058903905754
      },
      {
        "date": "2024-02-04",
        "value": 0.03449360595871047
      },
      {
        "date": "2023-11-06",
        "value": 0.032768925660774946
      }
    ],
    "earnings_dates": [
      "2025-07-28",
      "2025-04-29",
      "2025-01-29",
      "2024-10-31",
      "2024-08-02",
      "2024-05-04",
      "2024-02-04",
      "2023-11-06"
    ]
  },
  "analysis": {
    "avg_revenue_growth": 31.538017180796412,
    "avg_earnings_surprise": 1.9403884581546211,
    "consistency_score": 65,
    "trend_direction": "growing"
  }
}