{
  "ticker": "CSX",
  "quarters": [
    {
      "date": "2025-07-28",
      "quarter": "Q3 2025",
      "revenue": 20812562.49796964,
      "earnings": 2501349.059225565,
      "eps_actual": 0.0007294538387426872,
      "eps_estimate": 0.0007305693534250189,
      "surprise_percent": -0.1526911411082308,
      "price_on_date": 0.23909230284474908,
      "revenue_growth": -10.07306240090945,
      "earnings_growth": -12.985085497217026
    },
    {
      "date": "2025-04-29",
      "quarter": "Q2 2025",
      "revenue": 19771934.373071156,
      "earnings": 2376281.6062642867,
      "eps_actual": 0.0006929811468055529,
      "eps_estimate": 0.0006892814285795546,
      "surprise_percent": 0.5367500229365785,
      "price_on_date": 0.24656449543069667,
      "revenue_growth": -13.240083175971934,
      "earnings_growth": -8.596186048463245
    },
    {
      "date": "2025-01-29",
      "quarter": "Q1 2025",
      "revenue": 18783337.654417597,
      "earnings": 2257467.525951072,
      "eps_actual": 0.0006583320894652752,
      "eps_estimate": 0.0006391983066306879,
      "surprise_percent": 2.993403242171348,
      "price_on_date": 0.21926500955126735,
      "revenue_growth": -12.285912477753254,
      "earnings_growth": -10.478728294553582
    },
    {
      "date": "2024-10-31",
      "quarter": "Q4 2024",
      "revenue": 17844170.771696717,
      "earnings": 2144594.1496535186,
      "eps_actual": 0.0006254154849920114,
      "eps_estimate": 0.0005979807622646391,
      "surprise_percent": 4.5878938686042465,
      "price_on_date": 0.23676874993925873,
      "revenue_growth": -11.383756848355226,
      "earnings_growth": -13.694640796484933
    },
    {
      "date": "2024-08-02",
      "quarter": "Q3 2024",
      "revenue": 16951962.23311188,
      "earnings": 2037364.4421708426,
      "eps_actual": 0.0005941447107424108,
      "eps_estimate": 0.0006056849355583705,
      "surprise_percent": -1.9053181181270324,
      "price_on_date": 0.19921856956307843,
      "revenue_growth": -13.079900088674233,
      "earnings_growth": -9.415541251050513
    },
    {
      "date": "2024-05-04",
      "quarter": "Q2 2024",
      "revenue": 16104364.121456284,
      "earnings": 1935496.2200623,
      "eps_actual": 0.0005644374752052903,
      "eps_estimate": 0.0005685006912819564,
      "surprise_percent": -0.7147249139668856,
      "price_on_date": 0.19509309933023794,
      "revenue_growth": -11.368130096657296,
      "earnings_growth": -11.453989458071042
    },
    {
      "date": "2024-02-04",
      "quarter": "Q1 2024",
      "revenue": 15299145.91538347,
      "earnings": 1838721.409059185,
      "eps_actual": 0.0005362156014450257,
      "eps_estimate": 0.0005104381636538766,
      "surprise_percent": 5.050060835307865,
      "price_on_date": 0.2069016829244708,
      "revenue_growth": -9.639136143142842,
      "earnings_growth": -13.612381278624037
    },
    {
      "date": "2023-11-06",
      "quarter": "Q4 2023",
      "revenue": 14534188.619614296,
      "earnings": 1746785.3386062258,
      "eps_actual": 0.0005094048213727744,
      "eps_estimate": 0.0004877849520803433,
      "surprise_percent": 4.432254254713059,
      "price_on_date": 0.17969409558242444,
      "revenue_growth": -9.566746256398487,
      "earnings_growth": -14.21877895457373
    }
  ],
  "metrics": {
    "revenue_trend": [
      {
        "date": "2025-07-28",
        "value": 20812562.49796964
      },
      {
        "date": "2025-04-29",
        "value": 19771934.373071156
      },
      {
        "date": "2025-01-29",
        "value": 18783337.654417597
      },
      {
        "date": "2024-10-31",
        "value": 17844170.771696717
      },
      {
        "date": "2024-08-02",
        "value": 16951962.23311188
      },
      {
        "date": "2024-05-04",
        "value": 16104364.121456284
      },
      {
        "date": "2024-02-04",
        "value": 15299145.91538347
      },
      {
        "date": "2023-11-06",
        "value": 14534188.619614296
      }
    ],
    "eps_trend": [
      {
        "date": "2025-07-28",
        "value": 0.0007294538387426872
      },
      {
        "date": "2025-04-29",
        "value": 0.0006929811468055529
      },
      {
        "date": "2025-01-29",
        "value": 0.0006583320894652752
      },
      {
        "date": "2024-10-31",
        "value": 0.0006254154849920114
      },
      {
        "date": "2024-08-02",
        "value": 0.0005941447107424108
      },
      {
        "date": "2024-05-04",
        "value": 0.0005644374752052903
      },
      {
        "date": "2024-02-04",
        "value": 0.0005362156014450257
      },
      {
        "date": "2023-11-06",
        "value": 0.0005094048213727744
      }
    ],
    "earnings_dates": [
      "2025-07-28",
      "2025-04-29",
      "2025-01-29",
      "2024-10-31",
      "2024-08-02",
      "2024-05-04",
      "2024-02-04",
      "2023-11-06"
    ]
  },
  "analysis": {
    "avg_revenue_growth": -11.745703725747466,
    "avg_earnings_surprise": 1.9913389981509857,
    "consistency_score": 94,
    "trend_direction": "declining"
  }
}