{
  "ticker": "CTAS",
  "quarters": [
    {
      "date": "2025-07-28",
      "quarter": "Q3 2025",
      "revenue": 86444907.07064573,
      "earnings": 3749678.710454168,
      "eps_actual": 0.025681434232460457,
      "eps_estimate": 0.025096530261749923,
      "surprise_percent": 2.330616880541438,
      "price_on_date": 6.807692246430968,
      "revenue_growth": 45.7453714676073,
      "earnings_growth": 43.45989447181756
    },
    {
      "date": "2025-04-29",
      "quarter": "Q2 2025",
      "revenue": 82122661.71711345,
      "earnings": 3562194.774931459,
      "eps_actual": 0.02439736252083743,
      "eps_estimate": 0.023324132792828887,
      "surprise_percent": 4.601370338358362,
      "price_on_date": 7.339049526302651,
      "revenue_growth": 38.863128053920974,
      "earnings_growth": 28.960327439319176
    },
    {
      "date": "2025-01-29",
      "quarter": "Q1 2025",
      "revenue": 78016528.63125777,
      "earnings": 3384085.036184886,
      "eps_actual": 0.02317749439479556,
      "eps_estimate": 0.023069233412063114,
      "surprise_percent": 0.46928730053004597,
      "price_on_date": 6.959616923031894,
      "revenue_growth": 40.37971425585376,
      "earnings_growth": 40.65180327992155
    },
    {
      "date": "2024-10-31",
      "quarter": "Q4 2024",
      "revenue": 74115702.19969487,
      "earnings": 3214880.7843756415,
      "eps_actual": 0.02201861967505578,
      "eps_estimate": 0.02150448374880078,
      "surprise_percent": 2.3908312901660334,
      "price_on_date": 6.038509892753367,
      "revenue_growth": 36.11708777094329,
      "earnings_growth": 46.05235706452917
    },
    {
      "date": "2024-08-02",
      "quarter": "Q3 2024",
      "revenue": 70409917.08971013,
      "earnings": 3054136.7451568595,
      "eps_actual": 0.02091768869130299,
      "eps_estimate": 0.02117316024616239,
      "surprise_percent": -1.206582068473704,
      "price_on_date": 6.417114841139311,
      "revenue_growth": 47.975558507389735,
      "earnings_growth": 49.27305888537957
    },
    {
      "date": "2024-05-04",
      "quarter": "Q2 2024",
      "revenue": 66889421.23522461,
      "earnings": 2901429.907899016,
      "eps_actual": 0.01987180425673784,
      "eps_estimate": 0.0196279321732059,
      "surprise_percent": 1.2424746599891319,
      "price_on_date": 5.749564822794705,
      "revenue_growth": 35.8878724114978,
      "earnings_growth": 44.223886537181656
    },
    {
      "date": "2024-02-04",
      "quarter": "Q1 2024",
      "revenue": 63544950.17346339,
      "earnings": 2756358.4125040653,
      "eps_actual": 0.018878214043900946,
      "eps_estimate": 0.01825276153906945,
      "surprise_percent": 3.426618506425636,
      "price_on_date": 5.316870293729859,
      "revenue_growth": 32.87756391140246,
      "earnings_growth": 35.09359672394315
    },
    {
      "date": "2023-11-06",
      "quarter": "Q4 2023",
      "revenue": 60367702.66479021,
      "earnings": 2618540.491878862,
      "eps_actual": 0.0179343033417059,
      "eps_estimate": 0.01803499903716997,
      "surprise_percent": -0.5583349090096438,
      "price_on_date": 4.777253313395932,
      "revenue_growth": 44.45303387426193,
      "earnings_growth": 31.067564967767353
    }
  ],
  "metrics": {
    "revenue_trend": [
      {
        "date": "2025-07-28",
        "value": 86444907.07064573
      },
      {
        "date": "2025-04-29",
        "value": 82122661.71711345
      },
      {
        "date": "2025-01-29",
        "value": 78016528.63125777
      },
      {
        "date": "2024-10-31",
        "value": 74115702.19969487
      },
      {
        "date": "2024-08-02",
        "value": 70409917.08971013
      },
      {
        "date": "2024-05-04",
        "value": 66889421.23522461
      },
      {
        "date": "2024-02-04",
        "value": 63544950.17346339
      },
      {
        "date": "2023-11-06",
        "value": 60367702.66479021
      }
    ],
    "eps_trend": [
      {
        "date": "2025-07-28",
        "value": 0.025681434232460457
      },
      {
        "date": "2025-04-29",
        "value": 0.02439736252083743
      },
      {
        "date": "2025-01-29",
        "value": 0.02317749439479556
      },
      {
        "date": "2024-10-31",
        "value": 0.02201861967505578
      },
      {
        "date": "2024-08-02",
        "value": 0.02091768869130299
      },
      {
        "date": "2024-05-04",
        "value": 0.01987180425673784
      },
      {
        "date": "2024-02-04",
        "value": 0.018878214043900946
      },
      {
        "date": "2023-11-06",
        "value": 0.0179343033417059
      }
    ],
    "earnings_dates": [
      "2025-07-28",
      "2025-04-29",
      "2025-01-29",
      "2024-10-31",
      "2024-08-02",
      "2024-05-04",
      "2024-02-04",
      "2023-11-06"
    ]
  },
  "analysis": {
    "avg_revenue_growth": 40.276325387081336,
    "avg_earnings_surprise": 2.44802645239897,
    "consistency_score": 86,
    "trend_direction": "growing"
  }
}