{
  "ticker": "CTRA",
  "quarters": [
    {
      "date": "2025-07-28",
      "quarter": "Q3 2025",
      "revenue": 78435346.86038303,
      "earnings": 3296376.7302188845,
      "eps_actual": 0.009646593230803363,
      "eps_estimate": 0.00953162678605027,
      "surprise_percent": 1.2061576405965537,
      "price_on_date": 3.954669936053226,
      "revenue_growth": 35.399313302317424,
      "earnings_growth": 38.69344426037274
    },
    {
      "date": "2025-04-29",
      "quarter": "Q2 2025",
      "revenue": 74513579.51736388,
      "earnings": 3131557.8937079404,
      "eps_actual": 0.009164263569263194,
      "eps_estimate": 0.00930765238282212,
      "surprise_percent": -1.5405475802207624,
      "price_on_date": 3.8310231348206267,
      "revenue_growth": 43.697103822354606,
      "earnings_growth": 32.00167535282866
    },
    {
      "date": "2025-01-29",
      "quarter": "Q1 2025",
      "revenue": 70787900.54149568,
      "earnings": 2974979.999022543,
      "eps_actual": 0.008706050390800035,
      "eps_estimate": 0.008488882594323626,
      "surprise_percent": 2.558261279542547,
      "price_on_date": 3.223193023232999,
      "revenue_growth": 34.215907108241296,
      "earnings_growth": 36.28772295171724
    },
    {
      "date": "2024-10-31",
      "quarter": "Q4 2024",
      "revenue": 67248505.5144209,
      "earnings": 2826230.999071416,
      "eps_actual": 0.008270747871260033,
      "eps_estimate": 0.007943259349657977,
      "surprise_percent": 4.122848155727873,
      "price_on_date": 3.1971103919899857,
      "revenue_growth": 35.3969366645013,
      "earnings_growth": 38.010671070356864
    },
    {
      "date": "2024-08-02",
      "quarter": "Q3 2024",
      "revenue": 63886080.238699846,
      "earnings": 2684919.449117845,
      "eps_actual": 0.00785721047769703,
      "eps_estimate": 0.007559690432700117,
      "surprise_percent": 3.935611486284713,
      "price_on_date": 3.169953178086487,
      "revenue_growth": 41.73564288628851,
      "earnings_growth": 45.42077852242745
    },
    {
      "date": "2024-05-04",
      "quarter": "Q2 2024",
      "revenue": 60691776.22676485,
      "earnings": 2550673.4766619527,
      "eps_actual": 0.007464349953812179,
      "eps_estimate": 0.0075016555346425415,
      "surprise_percent": -0.49729797186882213,
      "price_on_date": 2.829602078564362,
      "revenue_growth": 32.27728301875444,
      "earnings_growth": 35.3657626244639
    },
    {
      "date": "2024-02-04",
      "quarter": "Q1 2024",
      "revenue": 57657187.415426604,
      "earnings": 2423139.802828855,
      "eps_actual": 0.007091132456121569,
      "eps_estimate": 0.0072186087446742524,
      "surprise_percent": -1.7659398515916604,
      "price_on_date": 2.586527464986226,
      "revenue_growth": 35.44853307779725,
      "earnings_growth": 42.649345039246164
    },
    {
      "date": "2023-11-06",
      "quarter": "Q4 2023",
      "revenue": 54774328.04465527,
      "earnings": 2301982.812687412,
      "eps_actual": 0.00673657583331549,
      "eps_estimate": 0.006511048229190095,
      "surprise_percent": 3.463767986148805,
      "price_on_date": 2.402616321505053,
      "revenue_growth": 33.070843323136835,
      "earnings_growth": 48.125293226042686
    }
  ],
  "metrics": {
    "revenue_trend": [
      {
        "date": "2025-07-28",
        "value": 78435346.86038303
      },
      {
        "date": "2025-04-29",
        "value": 74513579.51736388
      },
      {
        "date": "2025-01-29",
        "value": 70787900.54149568
      },
      {
        "date": "2024-10-31",
        "value": 67248505.5144209
      },
      {
        "date": "2024-08-02",
        "value": 63886080.238699846
      },
      {
        "date": "2024-05-04",
        "value": 60691776.22676485
      },
      {
        "date": "2024-02-04",
        "value": 57657187.415426604
      },
      {
        "date": "2023-11-06",
        "value": 54774328.04465527
      }
    ],
    "eps_trend": [
      {
        "date": "2025-07-28",
        "value": 0.009646593230803363
      },
      {
        "date": "2025-04-29",
        "value": 0.009164263569263194
      },
      {
        "date": "2025-01-29",
        "value": 0.008706050390800035
      },
      {
        "date": "2024-10-31",
        "value": 0.008270747871260033
      },
      {
        "date": "2024-08-02",
        "value": 0.00785721047769703
      },
      {
        "date": "2024-05-04",
        "value": 0.007464349953812179
      },
      {
        "date": "2024-02-04",
        "value": 0.007091132456121569
      },
      {
        "date": "2023-11-06",
        "value": 0.00673657583331549
      }
    ],
    "earnings_dates": [
      "2025-07-28",
      "2025-04-29",
      "2025-01-29",
      "2024-10-31",
      "2024-08-02",
      "2024-05-04",
      "2024-02-04",
      "2023-11-06"
    ]
  },
  "analysis": {
    "avg_revenue_growth": 37.177315224353656,
    "avg_earnings_surprise": 1.5866798739115526,
    "consistency_score": 78,
    "trend_direction": "growing"
  }
}