{
  "ticker": "CTSH",
  "quarters": [
    {
      "date": "2025-07-28",
      "quarter": "Q3 2025",
      "revenue": 91960208.19156183,
      "earnings": 23698880.692565046,
      "eps_actual": 0.024142723154960792,
      "eps_estimate": 0.023436606807652926,
      "surprise_percent": 3.012877901238215,
      "price_on_date": 1.5237661545047532,
      "revenue_growth": 45.848700452493475,
      "earnings_growth": 43.78135164238658
    },
    {
      "date": "2025-04-29",
      "quarter": "Q2 2025",
      "revenue": 87362197.78198373,
      "earnings": 22513936.65793679,
      "eps_actual": 0.022935586997212747,
      "eps_estimate": 0.02200488303133356,
      "surprise_percent": 4.229533801901712,
      "price_on_date": 1.4799406677687144,
      "revenue_growth": 41.96913250905928,
      "earnings_growth": 56.60543651659543
    },
    {
      "date": "2025-01-29",
      "quarter": "Q1 2025",
      "revenue": 82994087.89288455,
      "earnings": 21388239.825039953,
      "eps_actual": 0.021788807647352113,
      "eps_estimate": 0.021410127007104818,
      "surprise_percent": 1.7686987102955187,
      "price_on_date": 1.4863915060040775,
      "revenue_growth": 43.063287193323404,
      "earnings_growth": 62.32898820300898
    },
    {
      "date": "2024-10-31",
      "quarter": "Q4 2024",
      "revenue": 78844383.49824032,
      "earnings": 20318827.833787955,
      "eps_actual": 0.02069936726498451,
      "eps_estimate": 0.020578499026370475,
      "surprise_percent": 0.587352063234286,
      "price_on_date": 1.234859596828997,
      "revenue_growth": 54.723572109316535,
      "earnings_growth": 40.22023932514877
    },
    {
      "date": "2024-08-02",
      "quarter": "Q3 2024",
      "revenue": 74902164.3233283,
      "earnings": 19302886.442098554,
      "eps_actual": 0.01966439890173528,
      "eps_estimate": 0.019888048230353693,
      "surprise_percent": -1.1245413628727694,
      "price_on_date": 1.2710509309036406,
      "revenue_growth": 51.01039629390583,
      "earnings_growth": 56.61366814234288
    },
    {
      "date": "2024-05-04",
      "quarter": "Q2 2024",
      "revenue": 71157056.10716188,
      "earnings": 18337742.119993627,
      "eps_actual": 0.018681178956648517,
      "eps_estimate": 0.018477036519238457,
      "surprise_percent": 1.1048440435645919,
      "price_on_date": 1.311189841075848,
      "revenue_growth": 52.06241706665529,
      "earnings_growth": 45.168900755532356
    },
    {
      "date": "2024-02-04",
      "quarter": "Q1 2024",
      "revenue": 67599203.30180378,
      "earnings": 17420855.013993945,
      "eps_actual": 0.017747120008816092,
      "eps_estimate": 0.017736936654139952,
      "surprise_percent": 0.05741326630809546,
      "price_on_date": 1.1256583464970598,
      "revenue_growth": 39.75143566765295,
      "earnings_growth": 63.2996812796402
    },
    {
      "date": "2023-11-06",
      "quarter": "Q4 2023",
      "revenue": 64219243.13671359,
      "earnings": 16549812.263294244,
      "eps_actual": 0.016859764008375282,
      "eps_estimate": 0.017012768335158544,
      "surprise_percent": -0.8993499692055617,
      "price_on_date": 0.9992241568974528,
      "revenue_growth": 39.759831582728516,
      "earnings_growth": 54.20555016199581
    }
  ],
  "metrics": {
    "revenue_trend": [
      {
        "date": "2025-07-28",
        "value": 91960208.19156183
      },
      {
        "date": "2025-04-29",
        "value": 87362197.78198373
      },
      {
        "date": "2025-01-29",
        "value": 82994087.89288455
      },
      {
        "date": "2024-10-31",
        "value": 78844383.49824032
      },
      {
        "date": "2024-08-02",
        "value": 74902164.3233283
      },
      {
        "date": "2024-05-04",
        "value": 71157056.10716188
      },
      {
        "date": "2024-02-04",
        "value": 67599203.30180378
      },
      {
        "date": "2023-11-06",
        "value": 64219243.13671359
      }
    ],
    "eps_trend": [
      {
        "date": "2025-07-28",
        "value": 0.024142723154960792
      },
      {
        "date": "2025-04-29",
        "value": 0.022935586997212747
      },
      {
        "date": "2025-01-29",
        "value": 0.021788807647352113
      },
      {
        "date": "2024-10-31",
        "value": 0.02069936726498451
      },
      {
        "date": "2024-08-02",
        "value": 0.01966439890173528
      },
      {
        "date": "2024-05-04",
        "value": 0.018681178956648517
      },
      {
        "date": "2024-02-04",
        "value": 0.017747120008816092
      },
      {
        "date": "2023-11-06",
        "value": 0.016859764008375282
      }
    ],
    "earnings_dates": [
      "2025-07-28",
      "2025-04-29",
      "2025-01-29",
      "2024-10-31",
      "2024-08-02",
      "2024-05-04",
      "2024-02-04",
      "2023-11-06"
    ]
  },
  "analysis": {
    "avg_revenue_growth": 46.40117306604817,
    "avg_earnings_surprise": 2.399615619167433,
    "consistency_score": 79,
    "trend_direction": "growing"
  }
}