{
  "ticker": "CTVA",
  "quarters": [
    {
      "date": "2025-07-28",
      "quarter": "Q3 2025",
      "revenue": 26753287.004941635,
      "earnings": 614018.1593411609,
      "eps_actual": 0.0016386987297707385,
      "eps_estimate": 0.0016587069612915024,
      "surprise_percent": -1.2062547506996102,
      "price_on_date": 4.265538134460983,
      "revenue_growth": 14.946345713922543,
      "earnings_growth": 20.59439168875938
    },
    {
      "date": "2025-04-29",
      "quarter": "Q2 2025",
      "revenue": 25415622.654694553,
      "earnings": 583317.2513741028,
      "eps_actual": 0.0015567637932822013,
      "eps_estimate": 0.0015500489023514935,
      "surprise_percent": 0.43320510214361646,
      "price_on_date": 3.866590683606723,
      "revenue_growth": 17.466019400449035,
      "earnings_growth": 13.573861106417613
    },
    {
      "date": "2025-01-29",
      "quarter": "Q1 2025",
      "revenue": 24144841.521959826,
      "earnings": 554151.3888053977,
      "eps_actual": 0.0014789256036180913,
      "eps_estimate": 0.0014766783767305172,
      "surprise_percent": 0.15218120092946244,
      "price_on_date": 4.345236521874241,
      "revenue_growth": 14.341790581260224,
      "earnings_growth": 18.343004745098828
    },
    {
      "date": "2024-10-31",
      "quarter": "Q4 2024",
      "revenue": 22937599.44586183,
      "earnings": 526443.8193651277,
      "eps_actual": 0.0014049793234371865,
      "eps_estimate": 0.0013941062327888078,
      "surprise_percent": 0.7799327190889862,
      "price_on_date": 4.101924651627254,
      "revenue_growth": 15.293954939262996,
      "earnings_growth": 19.458929356361995
    },
    {
      "date": "2024-08-02",
      "quarter": "Q3 2024",
      "revenue": 21790719.473568738,
      "earnings": 500121.62839687127,
      "eps_actual": 0.001334730357265327,
      "eps_estimate": 0.0013046306311111377,
      "surprise_percent": 2.30714544304036,
      "price_on_date": 3.589231916449719,
      "revenue_growth": 20.182149068536265,
      "earnings_growth": 16.640934903963174
    },
    {
      "date": "2024-05-04",
      "quarter": "Q2 2024",
      "revenue": 20701183.499890298,
      "earnings": 475115.54697702767,
      "eps_actual": 0.0012679938394020607,
      "eps_estimate": 0.0012213404256809553,
      "surprise_percent": 3.819853395509598,
      "price_on_date": 3.5112142093185037,
      "revenue_growth": 17.465369796900067,
      "earnings_growth": 20.76774701970436
    },
    {
      "date": "2024-02-04",
      "quarter": "Q1 2024",
      "revenue": 19666124.324895784,
      "earnings": 451359.7696281763,
      "eps_actual": 0.0012045941474319577,
      "eps_estimate": 0.0012205676989985505,
      "surprise_percent": -1.3086985326335256,
      "price_on_date": 3.0395968732200003,
      "revenue_growth": 16.468405614865876,
      "earnings_growth": 12.778278667800013
    },
    {
      "date": "2023-11-06",
      "quarter": "Q4 2023",
      "revenue": 18682818.108650994,
      "earnings": 428791.78114676743,
      "eps_actual": 0.0011443644400603596,
      "eps_estimate": 0.0010963585685043896,
      "surprise_percent": 4.378665241013056,
      "price_on_date": 3.1917668897296942,
      "revenue_growth": 15.016367655412703,
      "earnings_growth": 12.391576314170143
    }
  ],
  "metrics": {
    "revenue_trend": [
      {
        "date": "2025-07-28",
        "value": 26753287.004941635
      },
      {
        "date": "2025-04-29",
        "value": 25415622.654694553
      },
      {
        "date": "2025-01-29",
        "value": 24144841.521959826
      },
      {
        "date": "2024-10-31",
        "value": 22937599.44586183
      },
      {
        "date": "2024-08-02",
        "value": 21790719.473568738
      },
      {
        "date": "2024-05-04",
        "value": 20701183.499890298
      },
      {
        "date": "2024-02-04",
        "value": 19666124.324895784
      },
      {
        "date": "2023-11-06",
        "value": 18682818.108650994
      }
    ],
    "eps_trend": [
      {
        "date": "2025-07-28",
        "value": 0.0016386987297707385
      },
      {
        "date": "2025-04-29",
        "value": 0.0015567637932822013
      },
      {
        "date": "2025-01-29",
        "value": 0.0014789256036180913
      },
      {
        "date": "2024-10-31",
        "value": 0.0014049793234371865
      },
      {
        "date": "2024-08-02",
        "value": 0.001334730357265327
      },
      {
        "date": "2024-05-04",
        "value": 0.0012679938394020607
      },
      {
        "date": "2024-02-04",
        "value": 0.0012045941474319577
      },
      {
        "date": "2023-11-06",
        "value": 0.0011443644400603596
      }
    ],
    "earnings_dates": [
      "2025-07-28",
      "2025-04-29",
      "2025-01-29",
      "2024-10-31",
      "2024-08-02",
      "2024-05-04",
      "2024-02-04",
      "2023-11-06"
    ]
  },
  "analysis": {
    "avg_revenue_growth": 15.512027658723701,
    "avg_earnings_surprise": 0.039766067865613736,
    "consistency_score": 86,
    "trend_direction": "growing"
  }
}