{
  "ticker": "CVS",
  "quarters": [
    {
      "date": "2025-07-28",
      "quarter": "Q3 2025",
      "revenue": 690171883.7545035,
      "earnings": 143919085.41819116,
      "eps_actual": 0.029288354126991774,
      "eps_estimate": 0.028816085647284755,
      "surprise_percent": 1.6389057330259527,
      "price_on_date": 12.343299897093406,
      "revenue_growth": -4.226940747113232,
      "earnings_growth": -3.42985519509737
    },
    {
      "date": "2025-04-29",
      "quarter": "Q2 2025",
      "revenue": 655663289.5667783,
      "earnings": 136723131.14728162,
      "eps_actual": 0.027823936420642188,
      "eps_estimate": 0.02780579057097414,
      "surprise_percent": 0.06525924742808947,
      "price_on_date": 13.831452019037432,
      "revenue_growth": -3.4919912706401974,
      "earnings_growth": -2.6885252614026274
    },
    {
      "date": "2025-01-29",
      "quarter": "Q1 2025",
      "revenue": 622880125.0884393,
      "earnings": 129886974.58991753,
      "eps_actual": 0.026432739599610077,
      "eps_estimate": 0.025473358423793516,
      "surprise_percent": 3.7662139395033467,
      "price_on_date": 12.372953626850165,
      "revenue_growth": -3.31657251164747,
      "earnings_growth": -4.08088255319439
    },
    {
      "date": "2024-10-31",
      "quarter": "Q4 2024",
      "revenue": 591736118.8340174,
      "earnings": 123392625.86042164,
      "eps_actual": 0.02511110261962957,
      "eps_estimate": 0.024977643742852346,
      "surprise_percent": 0.5343133169453348,
      "price_on_date": 11.357468301646586,
      "revenue_growth": -4.00813184740477,
      "earnings_growth": -3.0030951102210164
    },
    {
      "date": "2024-08-02",
      "quarter": "Q3 2024",
      "revenue": 562149312.8923165,
      "earnings": 117222994.56740054,
      "eps_actual": 0.02385554748864809,
      "eps_estimate": 0.02319301227327073,
      "surprise_percent": 2.85661563737846,
      "price_on_date": 11.42035333185409,
      "revenue_growth": -3.345630742842984,
      "earnings_growth": -2.90430280650362
    },
    {
      "date": "2024-05-04",
      "quarter": "Q2 2024",
      "revenue": 534041847.2477006,
      "earnings": 111361844.8390305,
      "eps_actual": 0.02266277011421568,
      "eps_estimate": 0.022605600133081227,
      "surprise_percent": 0.25290185085947425,
      "price_on_date": 10.912969598991403,
      "revenue_growth": -3.8262308559268505,
      "earnings_growth": -4.129371926458417
    },
    {
      "date": "2024-02-04",
      "quarter": "Q1 2024",
      "revenue": 507339754.88531554,
      "earnings": 105793752.59707898,
      "eps_actual": 0.021529631608504896,
      "eps_estimate": 0.021454663068430514,
      "surprise_percent": 0.349427720376067,
      "price_on_date": 10.729866141694302,
      "revenue_growth": -3.863995996921456,
      "earnings_growth": -2.8090116708454276
    },
    {
      "date": "2023-11-06",
      "quarter": "Q4 2023",
      "revenue": 481972767.14104974,
      "earnings": 100504064.96722503,
      "eps_actual": 0.020453150028079653,
      "eps_estimate": 0.020814628916225448,
      "surprise_percent": -1.736657855399067,
      "price_on_date": 9.557466441917308,
      "revenue_growth": -4.024328322657283,
      "earnings_growth": -4.0233890190995965
    }
  ],
  "metrics": {
    "revenue_trend": [
      {
        "date": "2025-07-28",
        "value": 690171883.7545035
      },
      {
        "date": "2025-04-29",
        "value": 655663289.5667783
      },
      {
        "date": "2025-01-29",
        "value": 622880125.0884393
      },
      {
        "date": "2024-10-31",
        "value": 591736118.8340174
      },
      {
        "date": "2024-08-02",
        "value": 562149312.8923165
      },
      {
        "date": "2024-05-04",
        "value": 534041847.2477006
      },
      {
        "date": "2024-02-04",
        "value": 507339754.88531554
      },
      {
        "date": "2023-11-06",
        "value": 481972767.14104974
      }
    ],
    "eps_trend": [
      {
        "date": "2025-07-28",
        "value": 0.029288354126991774
      },
      {
        "date": "2025-04-29",
        "value": 0.027823936420642188
      },
      {
        "date": "2025-01-29",
        "value": 0.026432739599610077
      },
      {
        "date": "2024-10-31",
        "value": 0.02511110261962957
      },
      {
        "date": "2024-08-02",
        "value": 0.02385554748864809
      },
      {
        "date": "2024-05-04",
        "value": 0.02266277011421568
      },
      {
        "date": "2024-02-04",
        "value": 0.021529631608504896
      },
      {
        "date": "2023-11-06",
        "value": 0.020453150028079653
      }
    ],
    "earnings_dates": [
      "2025-07-28",
      "2025-04-29",
      "2025-01-29",
      "2024-10-31",
      "2024-08-02",
      "2024-05-04",
      "2024-02-04",
      "2023-11-06"
    ]
  },
  "analysis": {
    "avg_revenue_growth": -3.760909094201417,
    "avg_earnings_surprise": 1.501173059225681,
    "consistency_score": 74,
    "trend_direction": "stable"
  }
}