{
  "ticker": "CVX",
  "quarters": [
    {
      "date": "2025-07-28",
      "quarter": "Q3 2025",
      "revenue": 67626418853.60729,
      "earnings": 2525464675.5663624,
      "eps_actual": 0.5344167570146977,
      "eps_estimate": 0.5152832296594517,
      "surprise_percent": 3.71320591354996,
      "price_on_date": 397.40247043533714,
      "revenue_growth": 5.9538199239631,
      "earnings_growth": 5.070825733401239
    },
    {
      "date": "2025-04-29",
      "quarter": "Q2 2025",
      "revenue": 64245097910.926926,
      "earnings": 2399191441.788044,
      "eps_actual": 0.5076959191639628,
      "eps_estimate": 0.4863469671809251,
      "surprise_percent": 4.3896545930542885,
      "price_on_date": 384.1591889808177,
      "revenue_growth": 5.726547012145307,
      "earnings_growth": 5.095366844006493
    },
    {
      "date": "2025-01-29",
      "quarter": "Q1 2025",
      "revenue": 61032843015.38058,
      "earnings": 2279231869.698642,
      "eps_actual": 0.48231112320576464,
      "eps_estimate": 0.47664134285455706,
      "surprise_percent": 1.1895276052328638,
      "price_on_date": 317.2995251205433,
      "revenue_growth": 7.18781921109495,
      "earnings_growth": 6.901065613805322
    },
    {
      "date": "2024-10-31",
      "quarter": "Q4 2024",
      "revenue": 57981200864.61154,
      "earnings": 2165270276.2137094,
      "eps_actual": 0.45819556704547637,
      "eps_estimate": 0.45268667893380243,
      "surprise_percent": 1.21693179146531,
      "price_on_date": 318.93153065650125,
      "revenue_growth": 6.483027626424105,
      "earnings_growth": 5.959300312742606
    },
    {
      "date": "2024-08-02",
      "quarter": "Q3 2024",
      "revenue": 55082140821.38097,
      "earnings": 2057006762.4030242,
      "eps_actual": 0.4352857886932026,
      "eps_estimate": 0.43632843371482494,
      "surprise_percent": -0.23895876157907567,
      "price_on_date": 319.5523996447779,
      "revenue_growth": 7.664078479734831,
      "earnings_growth": 6.6118425437258015
    },
    {
      "date": "2024-05-04",
      "quarter": "Q2 2024",
      "revenue": 52328033780.31191,
      "earnings": 1954156424.2828727,
      "eps_actual": 0.4135214992585424,
      "eps_estimate": 0.42151945624979076,
      "surprise_percent": -1.897411109419532,
      "price_on_date": 317.0396075124272,
      "revenue_growth": 7.733533867249539,
      "earnings_growth": 6.601319651265627
    },
    {
      "date": "2024-02-04",
      "quarter": "Q1 2024",
      "revenue": 49711632091.29632,
      "earnings": 1856448603.0687292,
      "eps_actual": 0.3928454242956153,
      "eps_estimate": 0.3811285131996789,
      "surprise_percent": 3.074267783737754,
      "price_on_date": 277.2927410556627,
      "revenue_growth": 6.433068968088627,
      "earnings_growth": 8.149011026551785
    },
    {
      "date": "2023-11-06",
      "quarter": "Q4 2023",
      "revenue": 47226050486.73149,
      "earnings": 1763626172.9152923,
      "eps_actual": 0.37320315308083446,
      "eps_estimate": 0.3668243433616137,
      "surprise_percent": 1.7389275915455205,
      "price_on_date": 255.11702183899973,
      "revenue_growth": 7.608030122694873,
      "earnings_growth": 8.090888672097186
    }
  ],
  "metrics": {
    "revenue_trend": [
      {
        "date": "2025-07-28",
        "value": 67626418853.60729
      },
      {
        "date": "2025-04-29",
        "value": 64245097910.926926
      },
      {
        "date": "2025-01-29",
        "value": 61032843015.38058
      },
      {
        "date": "2024-10-31",
        "value": 57981200864.61154
      },
      {
        "date": "2024-08-02",
        "value": 55082140821.38097
      },
      {
        "date": "2024-05-04",
        "value": 52328033780.31191
      },
      {
        "date": "2024-02-04",
        "value": 49711632091.29632
      },
      {
        "date": "2023-11-06",
        "value": 47226050486.73149
      }
    ],
    "eps_trend": [
      {
        "date": "2025-07-28",
        "value": 0.5344167570146977
      },
      {
        "date": "2025-04-29",
        "value": 0.5076959191639628
      },
      {
        "date": "2025-01-29",
        "value": 0.48231112320576464
      },
      {
        "date": "2024-10-31",
        "value": 0.45819556704547637
      },
      {
        "date": "2024-08-02",
        "value": 0.4352857886932026
      },
      {
        "date": "2024-05-04",
        "value": 0.4135214992585424
      },
      {
        "date": "2024-02-04",
        "value": 0.3928454242956153
      },
      {
        "date": "2023-11-06",
        "value": 0.37320315308083446
      }
    ],
    "earnings_dates": [
      "2025-07-28",
      "2025-04-29",
      "2025-01-29",
      "2024-10-31",
      "2024-08-02",
      "2024-05-04",
      "2024-02-04",
      "2023-11-06"
    ]
  },
  "analysis": {
    "avg_revenue_growth": 6.337803443406866,
    "avg_earnings_surprise": 2.6273299758256057,
    "consistency_score": 74,
    "trend_direction": "growing"
  }
}