{
  "ticker": "CZR",
  "quarters": [
    {
      "date": "2025-07-28",
      "quarter": "Q3 2025",
      "revenue": 79111990.5381879,
      "earnings": 1716157.8118793198,
      "eps_actual": 0.0004019359623213157,
      "eps_estimate": 0.0004010718876509711,
      "surprise_percent": 0.2154413452923343,
      "price_on_date": 0.44514041482796557,
      "revenue_growth": 11.636913319663448,
      "earnings_growth": 11.50644320309728
    },
    {
      "date": "2025-04-29",
      "quarter": "Q2 2025",
      "revenue": 75156391.01127851,
      "earnings": 1630349.9212853538,
      "eps_actual": 0.0003818391642052499,
      "eps_estimate": 0.00037269103304717445,
      "surprise_percent": 2.454615310510435,
      "price_on_date": 0.43789506308134574,
      "revenue_growth": 10.170817650445462,
      "earnings_growth": 13.850073613692194
    },
    {
      "date": "2025-01-29",
      "quarter": "Q1 2025",
      "revenue": 71398571.46071458,
      "earnings": 1548832.425221086,
      "eps_actual": 0.0003627472059949874,
      "eps_estimate": 0.0003535297984416737,
      "surprise_percent": 2.6072505327537203,
      "price_on_date": 0.4456995561874895,
      "revenue_growth": 10.073061293931254,
      "earnings_growth": 8.762876852163267
    },
    {
      "date": "2024-10-31",
      "quarter": "Q4 2024",
      "revenue": 67828642.88767885,
      "earnings": 1471390.8039600316,
      "eps_actual": 0.000344609845695238,
      "eps_estimate": 0.0003499458944022496,
      "surprise_percent": -1.5248210630178085,
      "price_on_date": 0.41252838645590045,
      "revenue_growth": 10.869723394721799,
      "earnings_growth": 11.642213191431134
    },
    {
      "date": "2024-08-02",
      "quarter": "Q3 2024",
      "revenue": 64437210.7432949,
      "earnings": 1397821.26376203,
      "eps_actual": 0.0003273793534104761,
      "eps_estimate": 0.0003246460335184534,
      "surprise_percent": 0.8419384837077717,
      "price_on_date": 0.36683200016678663,
      "revenue_growth": 10.149118717254542,
      "earnings_growth": 7.75493284530569
    },
    {
      "date": "2024-05-04",
      "quarter": "Q2 2024",
      "revenue": 61215350.20613015,
      "earnings": 1327930.2005739282,
      "eps_actual": 0.0003110103857399522,
      "eps_estimate": 0.00030572192594488035,
      "surprise_percent": 1.7298267956173123,
      "price_on_date": 0.336734103868016,
      "revenue_growth": 11.253954954072954,
      "earnings_growth": 13.329896095437725
    },
    {
      "date": "2024-02-04",
      "quarter": "Q1 2024",
      "revenue": 58154582.69582364,
      "earnings": 1261533.6905452318,
      "eps_actual": 0.0002954598664529546,
      "eps_estimate": 0.00029125686070092497,
      "surprise_percent": 1.4430581109454004,
      "price_on_date": 0.3274879481188351,
      "revenue_growth": 9.287299988611757,
      "earnings_growth": 9.408221273388738
    },
    {
      "date": "2023-11-06",
      "quarter": "Q4 2023",
      "revenue": 55246853.56103245,
      "earnings": 1198457.0060179702,
      "eps_actual": 0.00028068687313030687,
      "eps_estimate": 0.0002822127148702284,
      "surprise_percent": -0.5406707988416322,
      "price_on_date": 0.2919471547334798,
      "revenue_growth": 9.30858323312459,
      "earnings_growth": 8.099097572260593
    }
  ],
  "metrics": {
    "revenue_trend": [
      {
        "date": "2025-07-28",
        "value": 79111990.5381879
      },
      {
        "date": "2025-04-29",
        "value": 75156391.01127851
      },
      {
        "date": "2025-01-29",
        "value": 71398571.46071458
      },
      {
        "date": "2024-10-31",
        "value": 67828642.88767885
      },
      {
        "date": "2024-08-02",
        "value": 64437210.7432949
      },
      {
        "date": "2024-05-04",
        "value": 61215350.20613015
      },
      {
        "date": "2024-02-04",
        "value": 58154582.69582364
      },
      {
        "date": "2023-11-06",
        "value": 55246853.56103245
      }
    ],
    "eps_trend": [
      {
        "date": "2025-07-28",
        "value": 0.0004019359623213157
      },
      {
        "date": "2025-04-29",
        "value": 0.0003818391642052499
      },
      {
        "date": "2025-01-29",
        "value": 0.0003627472059949874
      },
      {
        "date": "2024-10-31",
        "value": 0.000344609845695238
      },
      {
        "date": "2024-08-02",
        "value": 0.0003273793534104761
      },
      {
        "date": "2024-05-04",
        "value": 0.0003110103857399522
      },
      {
        "date": "2024-02-04",
        "value": 0.0002954598664529546
      },
      {
        "date": "2023-11-06",
        "value": 0.00028068687313030687
      }
    ],
    "earnings_dates": [
      "2025-07-28",
      "2025-04-29",
      "2025-01-29",
      "2024-10-31",
      "2024-08-02",
      "2024-05-04",
      "2024-02-04",
      "2023-11-06"
    ]
  },
  "analysis": {
    "avg_revenue_growth": 10.68762891469049,
    "avg_earnings_surprise": 0.9381215313846704,
    "consistency_score": 75,
    "trend_direction": "growing"
  }
}