{
  "ticker": "D",
  "quarters": [
    {
      "date": "2025-07-28",
      "quarter": "Q3 2025",
      "revenue": 67955819.85218948,
      "earnings": 10727581.526086636,
      "eps_actual": 0.007554881146506471,
      "eps_estimate": 0.007334345899898387,
      "surprise_percent": 3.0068836351328896,
      "price_on_date": 0.9138884080560132,
      "revenue_growth": 32.78645454797184,
      "earnings_growth": 31.217487303895997
    },
    {
      "date": "2025-04-29",
      "quarter": "Q2 2025",
      "revenue": 64558028.85958,
      "earnings": 10191202.449782304,
      "eps_actual": 0.007177137089181149,
      "eps_estimate": 0.0071217004965542,
      "surprise_percent": 0.7784179165323202,
      "price_on_date": 0.9581121766143212,
      "revenue_growth": 30.56303705513599,
      "earnings_growth": 32.59828272197225
    },
    {
      "date": "2025-01-29",
      "quarter": "Q1 2025",
      "revenue": 61330127.416601,
      "earnings": 9681642.32729319,
      "eps_actual": 0.006818280234722091,
      "eps_estimate": 0.0066559714014435304,
      "surprise_percent": 2.4385446314171286,
      "price_on_date": 0.8009404124172046,
      "revenue_growth": 37.45867398739044,
      "earnings_growth": 37.164916888815156
    },
    {
      "date": "2024-10-31",
      "quarter": "Q4 2024",
      "revenue": 58263621.04577095,
      "earnings": 9197560.21092853,
      "eps_actual": 0.0064773662229859865,
      "eps_estimate": 0.006471781326145124,
      "surprise_percent": 0.08629613022152152,
      "price_on_date": 0.8589262373500548,
      "revenue_growth": 28.57316082821695,
      "earnings_growth": 41.9253881640532
    },
    {
      "date": "2024-08-02",
      "quarter": "Q3 2024",
      "revenue": 55350439.9934824,
      "earnings": 8737682.200382102,
      "eps_actual": 0.006153497911836686,
      "eps_estimate": 0.006105861367587643,
      "surprise_percent": 0.7801772981927921,
      "price_on_date": 0.7380444199589993,
      "revenue_growth": 35.329969738522195,
      "earnings_growth": 40.19103400734526
    },
    {
      "date": "2024-05-04",
      "quarter": "Q2 2024",
      "revenue": 52582917.99380827,
      "earnings": 8300798.090362995,
      "eps_actual": 0.00584582301624485,
      "eps_estimate": 0.005762983849994343,
      "surprise_percent": 1.4374353357000658,
      "price_on_date": 0.702539674050413,
      "revenue_growth": 27.964579855010605,
      "earnings_growth": 28.197230033999332
    },
    {
      "date": "2024-02-04",
      "quarter": "Q1 2024",
      "revenue": 49953772.09411786,
      "earnings": 7885758.185844846,
      "eps_actual": 0.005553531865432609,
      "eps_estimate": 0.005613128532594183,
      "surprise_percent": -1.0617370832595407,
      "price_on_date": 0.717549558125409,
      "revenue_growth": 27.57090877420193,
      "earnings_growth": 29.035659154048986
    },
    {
      "date": "2023-11-06",
      "quarter": "Q4 2023",
      "revenue": 47456083.489411965,
      "earnings": 7491470.276552604,
      "eps_actual": 0.005275855272160978,
      "eps_estimate": 0.00506690047134675,
      "surprise_percent": 4.123917609905003,
      "price_on_date": 0.6391496032862704,
      "revenue_growth": 34.38458598623952,
      "earnings_growth": 35.30247355553096
    }
  ],
  "metrics": {
    "revenue_trend": [
      {
        "date": "2025-07-28",
        "value": 67955819.85218948
      },
      {
        "date": "2025-04-29",
        "value": 64558028.85958
      },
      {
        "date": "2025-01-29",
        "value": 61330127.416601
      },
      {
        "date": "2024-10-31",
        "value": 58263621.04577095
      },
      {
        "date": "2024-08-02",
        "value": 55350439.9934824
      },
      {
        "date": "2024-05-04",
        "value": 52582917.99380827
      },
      {
        "date": "2024-02-04",
        "value": 49953772.09411786
      },
      {
        "date": "2023-11-06",
        "value": 47456083.489411965
      }
    ],
    "eps_trend": [
      {
        "date": "2025-07-28",
        "value": 0.007554881146506471
      },
      {
        "date": "2025-04-29",
        "value": 0.007177137089181149
      },
      {
        "date": "2025-01-29",
        "value": 0.006818280234722091
      },
      {
        "date": "2024-10-31",
        "value": 0.0064773662229859865
      },
      {
        "date": "2024-08-02",
        "value": 0.006153497911836686
      },
      {
        "date": "2024-05-04",
        "value": 0.00584582301624485
      },
      {
        "date": "2024-02-04",
        "value": 0.005553531865432609
      },
      {
        "date": "2023-11-06",
        "value": 0.005275855272160978
      }
    ],
    "earnings_dates": [
      "2025-07-28",
      "2025-04-29",
      "2025-01-29",
      "2024-10-31",
      "2024-08-02",
      "2024-05-04",
      "2024-02-04",
      "2023-11-06"
    ]
  },
  "analysis": {
    "avg_revenue_growth": 32.345331604678805,
    "avg_earnings_surprise": 1.577535578325965,
    "consistency_score": 78,
    "trend_direction": "growing"
  }
}