{
  "ticker": "DAL",
  "quarters": [
    {
      "date": "2025-07-28",
      "quarter": "Q3 2025",
      "revenue": 52288151.4736262,
      "earnings": 3235571.5930005363,
      "eps_actual": 0.003442412915419453,
      "eps_estimate": 0.0034983149945784255,
      "surprise_percent": -1.5979715733319497,
      "price_on_date": 0.5251150419500179,
      "revenue_growth": -3.6417717870834783,
      "earnings_growth": -4.503730705528644
    },
    {
      "date": "2025-04-29",
      "quarter": "Q2 2025",
      "revenue": 49673743.89994489,
      "earnings": 3073793.013350509,
      "eps_actual": 0.00327029226964848,
      "eps_estimate": 0.003203806378413192,
      "surprise_percent": 2.0752156460908777,
      "price_on_date": 0.47107356467840406,
      "revenue_growth": -3.7669219377597085,
      "earnings_growth": -4.16914898220074
    },
    {
      "date": "2025-01-29",
      "quarter": "Q1 2025",
      "revenue": 47190056.70494764,
      "earnings": 2920103.3626829837,
      "eps_actual": 0.003106777656166056,
      "eps_estimate": 0.0029792187064139218,
      "surprise_percent": 4.281624221730159,
      "price_on_date": 0.46203237180247964,
      "revenue_growth": -3.328394735475765,
      "earnings_growth": -5.250305014575032
    },
    {
      "date": "2024-10-31",
      "quarter": "Q4 2024",
      "revenue": 44830553.86970025,
      "earnings": 2774098.194548834,
      "eps_actual": 0.002951438773357753,
      "eps_estimate": 0.0029064106496820875,
      "surprise_percent": 1.5492691537099499,
      "price_on_date": 0.5107438914733268,
      "revenue_growth": -4.717901469683472,
      "earnings_growth": -4.099322569824964
    },
    {
      "date": "2024-08-02",
      "quarter": "Q3 2024",
      "revenue": 42589026.17621524,
      "earnings": 2635393.2848213925,
      "eps_actual": 0.0028038668346898653,
      "eps_estimate": 0.0026956250055316386,
      "surprise_percent": 4.015463164798731,
      "price_on_date": 0.4200556942264042,
      "revenue_growth": -3.728437770047752,
      "earnings_growth": -4.318773643028637
    },
    {
      "date": "2024-05-04",
      "quarter": "Q2 2024",
      "revenue": 40459574.867404476,
      "earnings": 2503623.6205803226,
      "eps_actual": 0.002663673492955372,
      "eps_estimate": 0.0026270484950612393,
      "surprise_percent": 1.3941500494941896,
      "price_on_date": 0.41673396466974133,
      "revenue_growth": -4.264144601887498,
      "earnings_growth": -3.054436343040388
    },
    {
      "date": "2024-02-04",
      "quarter": "Q1 2024",
      "revenue": 38436596.12403425,
      "earnings": 2378442.4395513064,
      "eps_actual": 0.002530489818307603,
      "eps_estimate": 0.0024797141473577103,
      "surprise_percent": 2.047642104393257,
      "price_on_date": 0.44052061593022146,
      "revenue_growth": -4.68417415776081,
      "earnings_growth": -3.11250523581474
    },
    {
      "date": "2023-11-06",
      "quarter": "Q4 2023",
      "revenue": 36514766.31783253,
      "earnings": 2259520.3175737406,
      "eps_actual": 0.0024039653273922224,
      "eps_estimate": 0.0024231427771946442,
      "surprise_percent": -0.7914287999415478,
      "price_on_date": 0.3995435176160334,
      "revenue_growth": -4.435405149575745,
      "earnings_growth": -3.5935560805742743
    }
  ],
  "metrics": {
    "revenue_trend": [
      {
        "date": "2025-07-28",
        "value": 52288151.4736262
      },
      {
        "date": "2025-04-29",
        "value": 49673743.89994489
      },
      {
        "date": "2025-01-29",
        "value": 47190056.70494764
      },
      {
        "date": "2024-10-31",
        "value": 44830553.86970025
      },
      {
        "date": "2024-08-02",
        "value": 42589026.17621524
      },
      {
        "date": "2024-05-04",
        "value": 40459574.867404476
      },
      {
        "date": "2024-02-04",
        "value": 38436596.12403425
      },
      {
        "date": "2023-11-06",
        "value": 36514766.31783253
      }
    ],
    "eps_trend": [
      {
        "date": "2025-07-28",
        "value": 0.003442412915419453
      },
      {
        "date": "2025-04-29",
        "value": 0.00327029226964848
      },
      {
        "date": "2025-01-29",
        "value": 0.003106777656166056
      },
      {
        "date": "2024-10-31",
        "value": 0.002951438773357753
      },
      {
        "date": "2024-08-02",
        "value": 0.0028038668346898653
      },
      {
        "date": "2024-05-04",
        "value": 0.002663673492955372
      },
      {
        "date": "2024-02-04",
        "value": 0.002530489818307603
      },
      {
        "date": "2023-11-06",
        "value": 0.0024039653273922224
      }
    ],
    "earnings_dates": [
      "2025-07-28",
      "2025-04-29",
      "2025-01-29",
      "2024-10-31",
      "2024-08-02",
      "2024-05-04",
      "2024-02-04",
      "2023-11-06"
    ]
  },
  "analysis": {
    "avg_revenue_growth": -3.8637474825006057,
    "avg_earnings_surprise": 1.5770343620497593,
    "consistency_score": 67,
    "trend_direction": "stable"
  }
}