{
  "ticker": "DASH",
  "quarters": [
    {
      "date": "2025-07-28",
      "quarter": "Q3 2025",
      "revenue": 2436167121.967092,
      "earnings": 179154998.15246633,
      "eps_actual": 0.043918225760838134,
      "eps_estimate": 0.04178081032210113,
      "surprise_percent": 5.115782633843164,
      "price_on_date": 14.095324808698495,
      "revenue_growth": -0.31953399107392966,
      "earnings_growth": -0.4094847413490663
    },
    {
      "date": "2025-04-29",
      "quarter": "Q2 2025",
      "revenue": 2314358765.868737,
      "earnings": 170197248.244843,
      "eps_actual": 0.04172231447279623,
      "eps_estimate": 0.04120756412070571,
      "surprise_percent": 1.2491647178724388,
      "price_on_date": 13.369548786970505,
      "revenue_growth": -0.4127302969930979,
      "earnings_growth": -0.30887722881372914
    },
    {
      "date": "2025-01-29",
      "quarter": "Q1 2025",
      "revenue": 2198640827.5753007,
      "earnings": 161687385.83260086,
      "eps_actual": 0.039636198749156415,
      "eps_estimate": 0.038104279410665104,
      "surprise_percent": 4.020334099435924,
      "price_on_date": 12.011708199090586,
      "revenue_growth": -0.3463368367429096,
      "earnings_growth": -0.4154724886841924
    },
    {
      "date": "2024-10-31",
      "quarter": "Q4 2024",
      "revenue": 2088708786.1965353,
      "earnings": 153603016.5409708,
      "eps_actual": 0.037654388811698594,
      "eps_estimate": 0.03696906675620151,
      "surprise_percent": 1.8537715869771567,
      "price_on_date": 12.095750995325531,
      "revenue_growth": -0.3832143893030874,
      "earnings_growth": -0.3028205528573046
    },
    {
      "date": "2024-08-02",
      "quarter": "Q3 2024",
      "revenue": 1984273346.8867085,
      "earnings": 145922865.71392226,
      "eps_actual": 0.03577166937111367,
      "eps_estimate": 0.03481409994037774,
      "surprise_percent": 2.7505218643476286,
      "price_on_date": 12.06633688299661,
      "revenue_growth": -0.3896175000828503,
      "earnings_growth": -0.4155477652620076
    },
    {
      "date": "2024-05-04",
      "quarter": "Q2 2024",
      "revenue": 1885059679.5423727,
      "earnings": 138626722.4282261,
      "eps_actual": 0.03398308590255797,
      "eps_estimate": 0.0335078892017254,
      "surprise_percent": 1.418163638932233,
      "price_on_date": 9.999993924385231,
      "revenue_growth": -0.29674380675536166,
      "earnings_growth": -0.4178254739876504
    },
    {
      "date": "2024-02-04",
      "quarter": "Q1 2024",
      "revenue": 1790806695.5652542,
      "earnings": 131695386.30681482,
      "eps_actual": 0.03228393160743007,
      "eps_estimate": 0.03169282475356916,
      "surprise_percent": 1.865112556097874,
      "price_on_date": 10.055736586479783,
      "revenue_growth": -0.4340729967698144,
      "earnings_growth": -0.34696031511324066
    },
    {
      "date": "2023-11-06",
      "quarter": "Q4 2023",
      "revenue": 1701266360.7869914,
      "earnings": 125110616.99147406,
      "eps_actual": 0.030669735027058567,
      "eps_estimate": 0.030381652987369185,
      "surprise_percent": 0.9482105526290785,
      "price_on_date": 8.998122211063006,
      "revenue_growth": -0.34229258073735164,
      "earnings_growth": -0.43528747033636284
    }
  ],
  "metrics": {
    "revenue_trend": [
      {
        "date": "2025-07-28",
        "value": 2436167121.967092
      },
      {
        "date": "2025-04-29",
        "value": 2314358765.868737
      },
      {
        "date": "2025-01-29",
        "value": 2198640827.5753007
      },
      {
        "date": "2024-10-31",
        "value": 2088708786.1965353
      },
      {
        "date": "2024-08-02",
        "value": 1984273346.8867085
      },
      {
        "date": "2024-05-04",
        "value": 1885059679.5423727
      },
      {
        "date": "2024-02-04",
        "value": 1790806695.5652542
      },
      {
        "date": "2023-11-06",
        "value": 1701266360.7869914
      }
    ],
    "eps_trend": [
      {
        "date": "2025-07-28",
        "value": 0.043918225760838134
      },
      {
        "date": "2025-04-29",
        "value": 0.04172231447279623
      },
      {
        "date": "2025-01-29",
        "value": 0.039636198749156415
      },
      {
        "date": "2024-10-31",
        "value": 0.037654388811698594
      },
      {
        "date": "2024-08-02",
        "value": 0.03577166937111367
      },
      {
        "date": "2024-05-04",
        "value": 0.03398308590255797
      },
      {
        "date": "2024-02-04",
        "value": 0.03228393160743007
      },
      {
        "date": "2023-11-06",
        "value": 0.030669735027058567
      }
    ],
    "earnings_dates": [
      "2025-07-28",
      "2025-04-29",
      "2025-01-29",
      "2024-10-31",
      "2024-08-02",
      "2024-05-04",
      "2024-02-04",
      "2023-11-06"
    ]
  },
  "analysis": {
    "avg_revenue_growth": -0.36545387852825617,
    "avg_earnings_surprise": 3.059763259532171,
    "consistency_score": 75,
    "trend_direction": "stable"
  }
}