{
  "ticker": "DAY",
  "quarters": [
    {
      "date": "2025-07-28",
      "quarter": "Q3 2025",
      "revenue": 101298538.28928316,
      "earnings": 4929984.404607897,
      "eps_actual": 0.01089837623367642,
      "eps_estimate": 0.010966927514034365,
      "surprise_percent": -0.6250727951855268,
      "price_on_date": 1.8625286012772655,
      "revenue_growth": 39.64967612839749,
      "earnings_growth": 32.778752026087545
    },
    {
      "date": "2025-04-29",
      "quarter": "Q2 2025",
      "revenue": 96233611.374819,
      "earnings": 4683485.184377502,
      "eps_actual": 0.010353457421992599,
      "eps_estimate": 0.010095147794375531,
      "surprise_percent": 2.558750331134169,
      "price_on_date": 1.6754839617714805,
      "revenue_growth": 40.481692030645284,
      "earnings_growth": 42.58296778826577
    },
    {
      "date": "2025-01-29",
      "quarter": "Q1 2025",
      "revenue": 91421930.80607805,
      "earnings": 4449310.925158626,
      "eps_actual": 0.009835784550892969,
      "eps_estimate": 0.009751737458046398,
      "surprise_percent": 0.8618678795256294,
      "price_on_date": 1.6318569913446848,
      "revenue_growth": 30.61479788698867,
      "earnings_growth": 38.42323239893125
    },
    {
      "date": "2024-10-31",
      "quarter": "Q4 2024",
      "revenue": 86850834.26577413,
      "earnings": 4226845.378900695,
      "eps_actual": 0.00934399532334832,
      "eps_estimate": 0.008894751686480417,
      "surprise_percent": 5.050659677782017,
      "price_on_date": 1.7830206218615834,
      "revenue_growth": 38.708950062966984,
      "earnings_growth": 30.275534191644034
    },
    {
      "date": "2024-08-02",
      "quarter": "Q3 2024",
      "revenue": 82508292.55248542,
      "earnings": 4015503.1099556596,
      "eps_actual": 0.008876795557180902,
      "eps_estimate": 0.008663082404564827,
      "surprise_percent": 2.466941241416144,
      "price_on_date": 1.6037476244443891,
      "revenue_growth": 35.7973919543706,
      "earnings_growth": 36.75980452604716
    },
    {
      "date": "2024-05-04",
      "quarter": "Q2 2024",
      "revenue": 78382877.92486115,
      "earnings": 3814727.9544578767,
      "eps_actual": 0.008432955779321858,
      "eps_estimate": 0.008577757546660859,
      "surprise_percent": -1.6881074867331685,
      "price_on_date": 1.3863052048641762,
      "revenue_growth": 39.09076178096164,
      "earnings_growth": 33.13634362131697
    },
    {
      "date": "2024-02-04",
      "quarter": "Q1 2024",
      "revenue": 74463734.02861808,
      "earnings": 3623991.5567349824,
      "eps_actual": 0.008011307990355763,
      "eps_estimate": 0.007974889851331619,
      "surprise_percent": 0.45666008813981956,
      "price_on_date": 1.3192190829587433,
      "revenue_growth": 41.67497198652882,
      "earnings_growth": 37.38027950561273
    },
    {
      "date": "2023-11-06",
      "quarter": "Q4 2023",
      "revenue": 70740547.32718718,
      "earnings": 3442791.9788982333,
      "eps_actual": 0.007610742590837975,
      "eps_estimate": 0.007242730897600289,
      "surprise_percent": 5.081117860662444,
      "price_on_date": 1.4478294964336214,
      "revenue_growth": 41.39019030334068,
      "earnings_growth": 28.673412300426858
    }
  ],
  "metrics": {
    "revenue_trend": [
      {
        "date": "2025-07-28",
        "value": 101298538.28928316
      },
      {
        "date": "2025-04-29",
        "value": 96233611.374819
      },
      {
        "date": "2025-01-29",
        "value": 91421930.80607805
      },
      {
        "date": "2024-10-31",
        "value": 86850834.26577413
      },
      {
        "date": "2024-08-02",
        "value": 82508292.55248542
      },
      {
        "date": "2024-05-04",
        "value": 78382877.92486115
      },
      {
        "date": "2024-02-04",
        "value": 74463734.02861808
      },
      {
        "date": "2023-11-06",
        "value": 70740547.32718718
      }
    ],
    "eps_trend": [
      {
        "date": "2025-07-28",
        "value": 0.01089837623367642
      },
      {
        "date": "2025-04-29",
        "value": 0.010353457421992599
      },
      {
        "date": "2025-01-29",
        "value": 0.009835784550892969
      },
      {
        "date": "2024-10-31",
        "value": 0.00934399532334832
      },
      {
        "date": "2024-08-02",
        "value": 0.008876795557180902
      },
      {
        "date": "2024-05-04",
        "value": 0.008432955779321858
      },
      {
        "date": "2024-02-04",
        "value": 0.008011307990355763
      },
      {
        "date": "2023-11-06",
        "value": 0.007610742590837975
      }
    ],
    "earnings_dates": [
      "2025-07-28",
      "2025-04-29",
      "2025-01-29",
      "2024-10-31",
      "2024-08-02",
      "2024-05-04",
      "2024-02-04",
      "2023-11-06"
    ]
  },
  "analysis": {
    "avg_revenue_growth": 37.363779027249606,
    "avg_earnings_surprise": 1.961551273314072,
    "consistency_score": 77,
    "trend_direction": "growing"
  }
}