{
  "ticker": "DD",
  "quarters": [
    {
      "date": "2025-07-28",
      "quarter": "Q3 2025",
      "revenue": 109223257.5479874,
      "earnings": 5184946.320076794,
      "eps_actual": 0.0019543764653388827,
      "eps_estimate": 0.0018965618050831524,
      "surprise_percent": 3.0483931554867247,
      "price_on_date": 0.33103670441887256,
      "revenue_growth": 6.116984377580892,
      "earnings_growth": 8.158281078832744
    },
    {
      "date": "2025-04-29",
      "quarter": "Q2 2025",
      "revenue": 103762094.67058803,
      "earnings": 4925699.004072955,
      "eps_actual": 0.0018566576420719389,
      "eps_estimate": 0.001807623299851081,
      "surprise_percent": 2.7126416341777357,
      "price_on_date": 0.32587337131380195,
      "revenue_growth": 6.3582134904446175,
      "earnings_growth": 8.021126330194548
    },
    {
      "date": "2025-01-29",
      "quarter": "Q1 2025",
      "revenue": 98573989.93705863,
      "earnings": 4679414.053869307,
      "eps_actual": 0.0017638247599683417,
      "eps_estimate": 0.001788124295589071,
      "surprise_percent": -1.3589399618735147,
      "price_on_date": 0.34850364963100844,
      "revenue_growth": 7.296235647093194,
      "earnings_growth": 7.901128617858144
    },
    {
      "date": "2024-10-31",
      "quarter": "Q4 2024",
      "revenue": 93645290.4402057,
      "earnings": 4445443.351175842,
      "eps_actual": 0.001675633521969925,
      "eps_estimate": 0.0016692180775299613,
      "surprise_percent": 0.3843383034442651,
      "price_on_date": 0.33138532684744143,
      "revenue_growth": 8.085085743949794,
      "earnings_growth": 4.927684381709073
    },
    {
      "date": "2024-08-02",
      "quarter": "Q3 2024",
      "revenue": 88963025.9181954,
      "earnings": 4223171.183617049,
      "eps_actual": 0.0015918518458714283,
      "eps_estimate": 0.0015477032644219439,
      "surprise_percent": 2.852522344841961,
      "price_on_date": 0.2921764496632707,
      "revenue_growth": 7.800319367042537,
      "earnings_growth": 6.384038071018925
    },
    {
      "date": "2024-05-04",
      "quarter": "Q2 2024",
      "revenue": 84514874.62228562,
      "earnings": 4012012.6244361964,
      "eps_actual": 0.0015122592535778568,
      "eps_estimate": 0.0014941663761253994,
      "surprise_percent": 1.2109011246374717,
      "price_on_date": 0.2945841364938137,
      "revenue_growth": 5.7667387516006645,
      "earnings_growth": 7.204039590239419
    },
    {
      "date": "2024-02-04",
      "quarter": "Q1 2024",
      "revenue": 80289130.89117134,
      "earnings": 3811411.9932143865,
      "eps_actual": 0.001436646290898964,
      "eps_estimate": 0.0013955696192163402,
      "surprise_percent": 2.9433624175402775,
      "price_on_date": 0.2583769059110616,
      "revenue_growth": 8.043293134592531,
      "earnings_growth": 6.928329641937622
    },
    {
      "date": "2023-11-06",
      "quarter": "Q4 2023",
      "revenue": 76274674.34661277,
      "earnings": 3620841.393553667,
      "eps_actual": 0.0013648139763540155,
      "eps_estimate": 0.001302465610603562,
      "surprise_percent": 4.786949094307482,
      "price_on_date": 0.2517342528243294,
      "revenue_growth": 7.059840863094828,
      "earnings_growth": 5.1303870051343585
    }
  ],
  "metrics": {
    "revenue_trend": [
      {
        "date": "2025-07-28",
        "value": 109223257.5479874
      },
      {
        "date": "2025-04-29",
        "value": 103762094.67058803
      },
      {
        "date": "2025-01-29",
        "value": 98573989.93705863
      },
      {
        "date": "2024-10-31",
        "value": 93645290.4402057
      },
      {
        "date": "2024-08-02",
        "value": 88963025.9181954
      },
      {
        "date": "2024-05-04",
        "value": 84514874.62228562
      },
      {
        "date": "2024-02-04",
        "value": 80289130.89117134
      },
      {
        "date": "2023-11-06",
        "value": 76274674.34661277
      }
    ],
    "eps_trend": [
      {
        "date": "2025-07-28",
        "value": 0.0019543764653388827
      },
      {
        "date": "2025-04-29",
        "value": 0.0018566576420719389
      },
      {
        "date": "2025-01-29",
        "value": 0.0017638247599683417
      },
      {
        "date": "2024-10-31",
        "value": 0.001675633521969925
      },
      {
        "date": "2024-08-02",
        "value": 0.0015918518458714283
      },
      {
        "date": "2024-05-04",
        "value": 0.0015122592535778568
      },
      {
        "date": "2024-02-04",
        "value": 0.001436646290898964
      },
      {
        "date": "2023-11-06",
        "value": 0.0013648139763540155
      }
    ],
    "earnings_dates": [
      "2025-07-28",
      "2025-04-29",
      "2025-01-29",
      "2024-10-31",
      "2024-08-02",
      "2024-05-04",
      "2024-02-04",
      "2023-11-06"
    ]
  },
  "analysis": {
    "avg_revenue_growth": 6.964129814767125,
    "avg_earnings_surprise": 1.1966082828088027,
    "consistency_score": 94,
    "trend_direction": "growing"
  }
}