{
  "ticker": "DDOG",
  "quarters": [
    {
      "date": "2025-07-28",
      "quarter": "Q3 2025",
      "revenue": 2146304271.2854788,
      "earnings": 83205842.76532248,
      "eps_actual": 0.0206583310197738,
      "eps_estimate": 0.02015836604041848,
      "surprise_percent": 2.4801860346858677,
      "price_on_date": 14.068197971033928,
      "revenue_growth": 2.020349448271086,
      "earnings_growth": 2.737968641310694
    },
    {
      "date": "2025-04-29",
      "quarter": "Q2 2025",
      "revenue": 2038989057.7212048,
      "earnings": 79045550.62705636,
      "eps_actual": 0.019625414468785112,
      "eps_estimate": 0.018911427494389316,
      "surprise_percent": 3.775426125857626,
      "price_on_date": 13.306720376161092,
      "revenue_growth": 2.321361144167632,
      "earnings_growth": 2.3507843723718698
    },
    {
      "date": "2025-01-29",
      "quarter": "Q1 2025",
      "revenue": 1937039604.8351445,
      "earnings": 75093273.09570354,
      "eps_actual": 0.018644143745345856,
      "eps_estimate": 0.017943381445416812,
      "surprise_percent": 3.9054082535153163,
      "price_on_date": 12.46141195014732,
      "revenue_growth": 2.622994625281514,
      "earnings_growth": 1.8323014601753052
    },
    {
      "date": "2024-10-31",
      "quarter": "Q4 2024",
      "revenue": 1840187624.5933871,
      "earnings": 71338609.44091836,
      "eps_actual": 0.01771193655807856,
      "eps_estimate": 0.01725172185400005,
      "surprise_percent": 2.6676450500029603,
      "price_on_date": 13.440045429547338,
      "revenue_growth": 2.50506437481499,
      "earnings_growth": 3.0985906517143618
    },
    {
      "date": "2024-08-02",
      "quarter": "Q3 2024",
      "revenue": 1748178243.3637178,
      "earnings": 67771678.96887244,
      "eps_actual": 0.016826339730174635,
      "eps_estimate": 0.016236046879405875,
      "surprise_percent": 3.6356931903017564,
      "price_on_date": 11.902115922483487,
      "revenue_growth": 2.538239494430331,
      "earnings_growth": 3.158231441636549
    },
    {
      "date": "2024-05-04",
      "quarter": "Q2 2024",
      "revenue": 1660769331.1955316,
      "earnings": 64383095.02042881,
      "eps_actual": 0.0159850227436659,
      "eps_estimate": 0.015511273684829961,
      "surprise_percent": 3.0542240983038504,
      "price_on_date": 10.211439075693557,
      "revenue_growth": 2.0626320966551703,
      "earnings_growth": 2.067244429199191
    },
    {
      "date": "2024-02-04",
      "quarter": "Q1 2024",
      "revenue": 1577730864.635755,
      "earnings": 61163940.26940736,
      "eps_actual": 0.015185771606482603,
      "eps_estimate": 0.014769794758612667,
      "surprise_percent": 2.816402358112448,
      "price_on_date": 11.130504054794441,
      "revenue_growth": 2.8267707798955106,
      "earnings_growth": 2.8870103618458858
    },
    {
      "date": "2023-11-06",
      "quarter": "Q4 2023",
      "revenue": 1498844321.4039671,
      "earnings": 58105743.25593699,
      "eps_actual": 0.014426483026158472,
      "eps_estimate": 0.014528216362046825,
      "surprise_percent": -0.7002465640181342,
      "price_on_date": 10.908203558572236,
      "revenue_growth": 2.3854860349519433,
      "earnings_growth": 2.270685408188997
    }
  ],
  "metrics": {
    "revenue_trend": [
      {
        "date": "2025-07-28",
        "value": 2146304271.2854788
      },
      {
        "date": "2025-04-29",
        "value": 2038989057.7212048
      },
      {
        "date": "2025-01-29",
        "value": 1937039604.8351445
      },
      {
        "date": "2024-10-31",
        "value": 1840187624.5933871
      },
      {
        "date": "2024-08-02",
        "value": 1748178243.3637178
      },
      {
        "date": "2024-05-04",
        "value": 1660769331.1955316
      },
      {
        "date": "2024-02-04",
        "value": 1577730864.635755
      },
      {
        "date": "2023-11-06",
        "value": 1498844321.4039671
      }
    ],
    "eps_trend": [
      {
        "date": "2025-07-28",
        "value": 0.0206583310197738
      },
      {
        "date": "2025-04-29",
        "value": 0.019625414468785112
      },
      {
        "date": "2025-01-29",
        "value": 0.018644143745345856
      },
      {
        "date": "2024-10-31",
        "value": 0.01771193655807856
      },
      {
        "date": "2024-08-02",
        "value": 0.016826339730174635
      },
      {
        "date": "2024-05-04",
        "value": 0.0159850227436659
      },
      {
        "date": "2024-02-04",
        "value": 0.015185771606482603
      },
      {
        "date": "2023-11-06",
        "value": 0.014426483026158472
      }
    ],
    "earnings_dates": [
      "2025-07-28",
      "2025-04-29",
      "2025-01-29",
      "2024-10-31",
      "2024-08-02",
      "2024-05-04",
      "2024-02-04",
      "2023-11-06"
    ]
  },
  "analysis": {
    "avg_revenue_growth": 2.3674423981338055,
    "avg_earnings_surprise": 3.207166366015443,
    "consistency_score": 76,
    "trend_direction": "stable"
  }
}