{
  "ticker": "DE",
  "quarters": [
    {
      "date": "2025-07-28",
      "quarter": "Q3 2025",
      "revenue": 748254844.8954715,
      "earnings": 189661148.4622905,
      "eps_actual": 0.057449348256908894,
      "eps_estimate": 0.05515373377141613,
      "surprise_percent": 4.162210477003982,
      "price_on_date": 22.054238113616528,
      "revenue_growth": -1.2643536936951458,
      "earnings_growth": -1.0604091447463717
    },
    {
      "date": "2025-04-29",
      "quarter": "Q2 2025",
      "revenue": 710842102.6506978,
      "earnings": 180178091.03917596,
      "eps_actual": 0.054576880844063445,
      "eps_estimate": 0.05271480429014158,
      "surprise_percent": 3.532359797208047,
      "price_on_date": 21.051200523780665,
      "revenue_growth": -1.4286176746450325,
      "earnings_growth": -1.3619878973876824
    },
    {
      "date": "2025-01-29",
      "quarter": "Q1 2025",
      "revenue": 675299997.518163,
      "earnings": 171169186.48721716,
      "eps_actual": 0.05184803680186027,
      "eps_estimate": 0.05247903540559272,
      "surprise_percent": -1.2023822443680068,
      "price_on_date": 19.88650337839688,
      "revenue_growth": -1.1422491926727094,
      "earnings_growth": -1.0778177947043661
    },
    {
      "date": "2024-10-31",
      "quarter": "Q4 2024",
      "revenue": 641534997.6422547,
      "earnings": 162610727.16285628,
      "eps_actual": 0.049255634961767256,
      "eps_estimate": 0.04902375824553572,
      "surprise_percent": 0.47298845402709166,
      "price_on_date": 20.489755644302416,
      "revenue_growth": -1.5528172319334321,
      "earnings_growth": -1.5208931510501231
    },
    {
      "date": "2024-08-02",
      "quarter": "Q3 2024",
      "revenue": 609458247.760142,
      "earnings": 154480190.80471346,
      "eps_actual": 0.04679285321367889,
      "eps_estimate": 0.046346470850155225,
      "surprise_percent": 0.9631420803687141,
      "price_on_date": 19.043221722803704,
      "revenue_growth": -1.102335084536161,
      "earnings_growth": -1.61312494492584
    },
    {
      "date": "2024-05-04",
      "quarter": "Q2 2024",
      "revenue": 578985335.3721348,
      "earnings": 146756181.26447776,
      "eps_actual": 0.044453210552994935,
      "eps_estimate": 0.045099548843621655,
      "surprise_percent": -1.4331369319631915,
      "price_on_date": 17.335388259371978,
      "revenue_growth": -1.5774960435717393,
      "earnings_growth": -1.46239111253138
    },
    {
      "date": "2024-02-04",
      "quarter": "Q1 2024",
      "revenue": 550036068.6035281,
      "earnings": 139418372.2012539,
      "eps_actual": 0.0422305500253452,
      "eps_estimate": 0.04303421886695557,
      "surprise_percent": -1.8675111638368336,
      "price_on_date": 16.86800926787645,
      "revenue_growth": -1.3822547038104023,
      "earnings_growth": -1.5463113382369054
    },
    {
      "date": "2023-11-06",
      "quarter": "Q4 2023",
      "revenue": 522534265.17335165,
      "earnings": 132447453.59119119,
      "eps_actual": 0.04011902252407793,
      "eps_estimate": 0.04010007172482829,
      "surprise_percent": 0.04725876646726504,
      "price_on_date": 14.651069986849164,
      "revenue_growth": -1.2494301983729827,
      "earnings_growth": -1.2957184783541336
    }
  ],
  "metrics": {
    "revenue_trend": [
      {
        "date": "2025-07-28",
        "value": 748254844.8954715
      },
      {
        "date": "2025-04-29",
        "value": 710842102.6506978
      },
      {
        "date": "2025-01-29",
        "value": 675299997.518163
      },
      {
        "date": "2024-10-31",
        "value": 641534997.6422547
      },
      {
        "date": "2024-08-02",
        "value": 609458247.760142
      },
      {
        "date": "2024-05-04",
        "value": 578985335.3721348
      },
      {
        "date": "2024-02-04",
        "value": 550036068.6035281
      },
      {
        "date": "2023-11-06",
        "value": 522534265.17335165
      }
    ],
    "eps_trend": [
      {
        "date": "2025-07-28",
        "value": 0.057449348256908894
      },
      {
        "date": "2025-04-29",
        "value": 0.054576880844063445
      },
      {
        "date": "2025-01-29",
        "value": 0.05184803680186027
      },
      {
        "date": "2024-10-31",
        "value": 0.049255634961767256
      },
      {
        "date": "2024-08-02",
        "value": 0.04679285321367889
      },
      {
        "date": "2024-05-04",
        "value": 0.044453210552994935
      },
      {
        "date": "2024-02-04",
        "value": 0.0422305500253452
      },
      {
        "date": "2023-11-06",
        "value": 0.04011902252407793
      }
    ],
    "earnings_dates": [
      "2025-07-28",
      "2025-04-29",
      "2025-01-29",
      "2024-10-31",
      "2024-08-02",
      "2024-05-04",
      "2024-02-04",
      "2023-11-06"
    ]
  },
  "analysis": {
    "avg_revenue_growth": -1.34700944823658,
    "avg_earnings_surprise": 1.7412941209677786,
    "consistency_score": 82,
    "trend_direction": "stable"
  }
}