{
  "ticker": "DECK",
  "quarters": [
    {
      "date": "2025-07-28",
      "quarter": "Q3 2025",
      "revenue": 32651910.505366385,
      "earnings": 6710990.490651061,
      "eps_actual": 0.0030107395483481227,
      "eps_estimate": 0.0029030521276397145,
      "surprise_percent": 3.709455289594194,
      "price_on_date": 0.7221850486133319,
      "revenue_growth": 20.674972637272433,
      "earnings_growth": 21.375435688507334
    },
    {
      "date": "2025-04-29",
      "quarter": "Q2 2025",
      "revenue": 31019314.980098065,
      "earnings": 6375440.966118507,
      "eps_actual": 0.0028602025709307164,
      "eps_estimate": 0.002847606422428919,
      "surprise_percent": 0.44234162427029666,
      "price_on_date": 0.6379731266170574,
      "revenue_growth": 20.26970079639862,
      "earnings_growth": 20.327202695999727
    },
    {
      "date": "2025-01-29",
      "quarter": "Q1 2025",
      "revenue": 29468349.23109316,
      "earnings": 6056668.917812582,
      "eps_actual": 0.0027171924423841807,
      "eps_estimate": 0.0027382685675572753,
      "surprise_percent": -0.7696880219421277,
      "price_on_date": 0.5837403299126482,
      "revenue_growth": 20.792422225790133,
      "earnings_growth": 20.92698292148408
    },
    {
      "date": "2024-10-31",
      "quarter": "Q4 2024",
      "revenue": 27994931.7695385,
      "earnings": 5753835.471921952,
      "eps_actual": 0.0025813328202649714,
      "eps_estimate": 0.0025158715966884238,
      "surprise_percent": 2.601930228184639,
      "price_on_date": 0.5557522796525912,
      "revenue_growth": 19.676846875288618,
      "earnings_growth": 20.33636744636514
    },
    {
      "date": "2024-08-02",
      "quarter": "Q3 2024",
      "revenue": 26595185.181061573,
      "earnings": 5466143.698325854,
      "eps_actual": 0.0024522661792517222,
      "eps_estimate": 0.0023945055568696263,
      "surprise_percent": 2.412215006826182,
      "price_on_date": 0.588151650320692,
      "revenue_growth": 21.03434457201426,
      "earnings_growth": 17.95838925230183
    },
    {
      "date": "2024-05-04",
      "quarter": "Q2 2024",
      "revenue": 25265425.922008492,
      "earnings": 5192836.513409561,
      "eps_actual": 0.002329652870289136,
      "eps_estimate": 0.0022294249666543007,
      "surprise_percent": 4.495684094955099,
      "price_on_date": 0.5556993429587442,
      "revenue_growth": 19.69207165073415,
      "earnings_growth": 21.809057237952363
    },
    {
      "date": "2024-02-04",
      "quarter": "Q1 2024",
      "revenue": 24002154.62590807,
      "earnings": 4933194.687739084,
      "eps_actual": 0.0022131702267746797,
      "eps_estimate": 0.002141241059919298,
      "surprise_percent": 3.359227888993151,
      "price_on_date": 0.4779309053251154,
      "revenue_growth": 14.93287688305966,
      "earnings_growth": 15.194134801609236
    },
    {
      "date": "2023-11-06",
      "quarter": "Q4 2023",
      "revenue": 22802046.894612662,
      "earnings": 4686534.953352128,
      "eps_actual": 0.002102511715435945,
      "eps_estimate": 0.0019996355031443014,
      "surprise_percent": 5.144748236860021,
      "price_on_date": 0.4476538193231073,
      "revenue_growth": 20.079383188105414,
      "earnings_growth": 14.52191336424514
    }
  ],
  "metrics": {
    "revenue_trend": [
      {
        "date": "2025-07-28",
        "value": 32651910.505366385
      },
      {
        "date": "2025-04-29",
        "value": 31019314.980098065
      },
      {
        "date": "2025-01-29",
        "value": 29468349.23109316
      },
      {
        "date": "2024-10-31",
        "value": 27994931.7695385
      },
      {
        "date": "2024-08-02",
        "value": 26595185.181061573
      },
      {
        "date": "2024-05-04",
        "value": 25265425.922008492
      },
      {
        "date": "2024-02-04",
        "value": 24002154.62590807
      },
      {
        "date": "2023-11-06",
        "value": 22802046.894612662
      }
    ],
    "eps_trend": [
      {
        "date": "2025-07-28",
        "value": 0.0030107395483481227
      },
      {
        "date": "2025-04-29",
        "value": 0.0028602025709307164
      },
      {
        "date": "2025-01-29",
        "value": 0.0027171924423841807
      },
      {
        "date": "2024-10-31",
        "value": 0.0025813328202649714
      },
      {
        "date": "2024-08-02",
        "value": 0.0024522661792517222
      },
      {
        "date": "2024-05-04",
        "value": 0.002329652870289136
      },
      {
        "date": "2024-02-04",
        "value": 0.0022131702267746797
      },
      {
        "date": "2023-11-06",
        "value": 0.002102511715435945
      }
    ],
    "earnings_dates": [
      "2025-07-28",
      "2025-04-29",
      "2025-01-29",
      "2024-10-31",
      "2024-08-02",
      "2024-05-04",
      "2024-02-04",
      "2023-11-06"
    ]
  },
  "analysis": {
    "avg_revenue_growth": 20.353485633687452,
    "avg_earnings_surprise": 1.4960097800267507,
    "consistency_score": 69,
    "trend_direction": "growing"
  }
}