{
  "ticker": "DELL",
  "quarters": [
    {
      "date": "2025-07-28",
      "quarter": "Q3 2025",
      "revenue": 61328061.68386707,
      "earnings": 18308523.501793627,
      "eps_actual": 0.015475800671548547,
      "eps_estimate": 0.015204979940245616,
      "surprise_percent": 1.7811317895007788,
      "price_on_date": 0.719563247748058,
      "revenue_growth": -0.5683206850349684,
      "earnings_growth": -0.5859868307273379
    },
    {
      "date": "2025-04-29",
      "quarter": "Q2 2025",
      "revenue": 58261658.59967371,
      "earnings": 17393097.326703943,
      "eps_actual": 0.014702010637971118,
      "eps_estimate": 0.014572884192402977,
      "surprise_percent": 0.8860733665574373,
      "price_on_date": 0.7276133489776937,
      "revenue_growth": -0.48661252686721246,
      "earnings_growth": -0.5866953454753705
    },
    {
      "date": "2025-01-29",
      "quarter": "Q1 2025",
      "revenue": 55348575.66969003,
      "earnings": 16523442.460368749,
      "eps_actual": 0.013966910106072565,
      "eps_estimate": 0.013621314542722475,
      "surprise_percent": 2.537167483110009,
      "price_on_date": 0.627878569570012,
      "revenue_growth": -0.5435298628792586,
      "earnings_growth": -0.6506789622244967
    },
    {
      "date": "2024-10-31",
      "quarter": "Q4 2024",
      "revenue": 52581146.88620552,
      "earnings": 15697270.337350307,
      "eps_actual": 0.013268564600768933,
      "eps_estimate": 0.012895485749103788,
      "surprise_percent": 2.89309653722097,
      "price_on_date": 0.613384301830084,
      "revenue_growth": -0.6272105056336587,
      "earnings_growth": -0.45601367439897417
    },
    {
      "date": "2024-08-02",
      "quarter": "Q3 2024",
      "revenue": 49952089.54189524,
      "earnings": 14912406.820482792,
      "eps_actual": 0.012605136370730487,
      "eps_estimate": 0.012406582033752304,
      "surprise_percent": 1.600395148623634,
      "price_on_date": 0.5991814749446273,
      "revenue_growth": -0.5070773115348925,
      "earnings_growth": -0.7115520227886857
    },
    {
      "date": "2024-05-04",
      "quarter": "Q2 2024",
      "revenue": 47454485.06480047,
      "earnings": 14166786.47945865,
      "eps_actual": 0.011974879552193961,
      "eps_estimate": 0.011585391198215155,
      "surprise_percent": 3.3618921218543854,
      "price_on_date": 0.5589209966867446,
      "revenue_growth": -0.5828778662267565,
      "earnings_growth": -0.6530306594409467
    },
    {
      "date": "2024-02-04",
      "quarter": "Q1 2024",
      "revenue": 45081760.81156045,
      "earnings": 13458447.15548572,
      "eps_actual": 0.011376135574584265,
      "eps_estimate": 0.011282914185772656,
      "surprise_percent": 0.8262172987999647,
      "price_on_date": 0.6012256519566237,
      "revenue_growth": -0.4866346157930162,
      "earnings_growth": -0.6699792914716699
    },
    {
      "date": "2023-11-06",
      "quarter": "Q4 2023",
      "revenue": 42827672.77098242,
      "earnings": 12785524.79771143,
      "eps_actual": 0.010807328795855048,
      "eps_estimate": 0.010732362762226555,
      "surprise_percent": 0.6985044699788058,
      "price_on_date": 0.5485622694114254,
      "revenue_growth": -0.5944826642866334,
      "earnings_growth": -0.679853506203481
    }
  ],
  "metrics": {
    "revenue_trend": [
      {
        "date": "2025-07-28",
        "value": 61328061.68386707
      },
      {
        "date": "2025-04-29",
        "value": 58261658.59967371
      },
      {
        "date": "2025-01-29",
        "value": 55348575.66969003
      },
      {
        "date": "2024-10-31",
        "value": 52581146.88620552
      },
      {
        "date": "2024-08-02",
        "value": 49952089.54189524
      },
      {
        "date": "2024-05-04",
        "value": 47454485.06480047
      },
      {
        "date": "2024-02-04",
        "value": 45081760.81156045
      },
      {
        "date": "2023-11-06",
        "value": 42827672.77098242
      }
    ],
    "eps_trend": [
      {
        "date": "2025-07-28",
        "value": 0.015475800671548547
      },
      {
        "date": "2025-04-29",
        "value": 0.014702010637971118
      },
      {
        "date": "2025-01-29",
        "value": 0.013966910106072565
      },
      {
        "date": "2024-10-31",
        "value": 0.013268564600768933
      },
      {
        "date": "2024-08-02",
        "value": 0.012605136370730487
      },
      {
        "date": "2024-05-04",
        "value": 0.011974879552193961
      },
      {
        "date": "2024-02-04",
        "value": 0.011376135574584265
      },
      {
        "date": "2023-11-06",
        "value": 0.010807328795855048
      }
    ],
    "earnings_dates": [
      "2025-07-28",
      "2025-04-29",
      "2025-01-29",
      "2024-10-31",
      "2024-08-02",
      "2024-05-04",
      "2024-02-04",
      "2023-11-06"
    ]
  },
  "analysis": {
    "avg_revenue_growth": -0.5564183951037746,
    "avg_earnings_surprise": 2.0243672940972988,
    "consistency_score": 81,
    "trend_direction": "stable"
  }
}