{
  "ticker": "DFS",
  "quarters": [
    {
      "date": "2025-07-28",
      "quarter": "Q3 2025",
      "revenue": 21908306.38194099,
      "earnings": 4771810.6080238,
      "eps_actual": 0.0010914015731517625,
      "eps_estimate": 0.0010985814962164039,
      "surprise_percent": -0.6535630801510469,
      "price_on_date": 0.23546249937798922,
      "revenue_growth": 32.46824987096985,
      "earnings_growth": 38.15727501064372
    },
    {
      "date": "2025-04-29",
      "quarter": "Q2 2025",
      "revenue": 20812891.06284394,
      "earnings": 4533220.07762261,
      "eps_actual": 0.0010368314944941746,
      "eps_estimate": 0.000987369428184063,
      "surprise_percent": 5.009479218034995,
      "price_on_date": 0.2530636867558718,
      "revenue_growth": 36.493962387251706,
      "earnings_growth": 27.063062530690523
    },
    {
      "date": "2025-01-29",
      "quarter": "Q1 2025",
      "revenue": 19772246.509701744,
      "earnings": 4306559.07374148,
      "eps_actual": 0.0009849899197694658,
      "eps_estimate": 0.0009860495665414068,
      "surprise_percent": -0.10746384440467145,
      "price_on_date": 0.20131901519497497,
      "revenue_growth": 38.23145484943579,
      "earnings_growth": 29.443197577894704
    },
    {
      "date": "2024-10-31",
      "quarter": "Q4 2024",
      "revenue": 18783634.184216656,
      "earnings": 4091231.120054405,
      "eps_actual": 0.0009357404237809924,
      "eps_estimate": 0.0009217312129308646,
      "surprise_percent": 1.519880270256026,
      "price_on_date": 0.21605211734754978,
      "revenue_growth": 38.773339565786166,
      "earnings_growth": 24.52248983459312
    },
    {
      "date": "2024-08-02",
      "quarter": "Q3 2024",
      "revenue": 17844452.47500582,
      "earnings": 3886669.5640516845,
      "eps_actual": 0.0008889534025919426,
      "eps_estimate": 0.0008639828956402345,
      "surprise_percent": 2.8901621869729555,
      "price_on_date": 0.17975314918017418,
      "revenue_growth": 40.154831853685764,
      "earnings_growth": 29.873038706086746
    },
    {
      "date": "2024-05-04",
      "quarter": "Q2 2024",
      "revenue": 16952229.85125553,
      "earnings": 3692336.0858491003,
      "eps_actual": 0.0008445057324623455,
      "eps_estimate": 0.0008298388677335591,
      "surprise_percent": 1.7674352575029737,
      "price_on_date": 0.18640015645942995,
      "revenue_growth": 27.557290272594773,
      "earnings_growth": 25.73579276616981
    },
    {
      "date": "2024-02-04",
      "quarter": "Q1 2024",
      "revenue": 16104618.358692752,
      "earnings": 3507719.281556645,
      "eps_actual": 0.0008022804458392282,
      "eps_estimate": 0.0007678526873100205,
      "surprise_percent": 4.483641080923575,
      "price_on_date": 0.1639488433578926,
      "revenue_growth": 36.24849260441797,
      "earnings_growth": 30.670427937645403
    },
    {
      "date": "2023-11-06",
      "quarter": "Q4 2023",
      "revenue": 15299387.440758113,
      "earnings": 3332333.3174788123,
      "eps_actual": 0.0007621664235472667,
      "eps_estimate": 0.0007758522323938329,
      "surprise_percent": -1.763971059842109,
      "price_on_date": 0.18470363709297796,
      "revenue_growth": 28.142970162664763,
      "earnings_growth": 38.83776793099938
    }
  ],
  "metrics": {
    "revenue_trend": [
      {
        "date": "2025-07-28",
        "value": 21908306.38194099
      },
      {
        "date": "2025-04-29",
        "value": 20812891.06284394
      },
      {
        "date": "2025-01-29",
        "value": 19772246.509701744
      },
      {
        "date": "2024-10-31",
        "value": 18783634.184216656
      },
      {
        "date": "2024-08-02",
        "value": 17844452.47500582
      },
      {
        "date": "2024-05-04",
        "value": 16952229.85125553
      },
      {
        "date": "2024-02-04",
        "value": 16104618.358692752
      },
      {
        "date": "2023-11-06",
        "value": 15299387.440758113
      }
    ],
    "eps_trend": [
      {
        "date": "2025-07-28",
        "value": 0.0010914015731517625
      },
      {
        "date": "2025-04-29",
        "value": 0.0010368314944941746
      },
      {
        "date": "2025-01-29",
        "value": 0.0009849899197694658
      },
      {
        "date": "2024-10-31",
        "value": 0.0009357404237809924
      },
      {
        "date": "2024-08-02",
        "value": 0.0008889534025919426
      },
      {
        "date": "2024-05-04",
        "value": 0.0008445057324623455
      },
      {
        "date": "2024-02-04",
        "value": 0.0008022804458392282
      },
      {
        "date": "2023-11-06",
        "value": 0.0007621664235472667
      }
    ],
    "earnings_dates": [
      "2025-07-28",
      "2025-04-29",
      "2025-01-29",
      "2024-10-31",
      "2024-08-02",
      "2024-05-04",
      "2024-02-04",
      "2023-11-06"
    ]
  },
  "analysis": {
    "avg_revenue_growth": 36.49175166836088,
    "avg_earnings_surprise": 1.4420831409338257,
    "consistency_score": 67,
    "trend_direction": "growing"
  }
}