{
  "ticker": "DG",
  "quarters": [
    {
      "date": "2025-07-28",
      "quarter": "Q3 2025",
      "revenue": 113741736.80629385,
      "earnings": 11643977.665429683,
      "eps_actual": 0.0033379833409022007,
      "eps_estimate": 0.0032403975586989485,
      "surprise_percent": 3.0115373325498296,
      "price_on_date": 0.31042000428521155,
      "revenue_growth": -7.472285984985709,
      "earnings_growth": -7.575171600835587
    },
    {
      "date": "2025-04-29",
      "quarter": "Q2 2025",
      "revenue": 108054649.96597914,
      "earnings": 11061778.782158198,
      "eps_actual": 0.00317108417385709,
      "eps_estimate": 0.0031003775087574334,
      "surprise_percent": 2.2805824419747625,
      "price_on_date": 0.2895615161709949,
      "revenue_growth": -8.385020126395723,
      "earnings_growth": -5.60673818575607
    },
    {
      "date": "2025-01-29",
      "quarter": "Q1 2025",
      "revenue": 102651917.46768019,
      "earnings": 10508689.843050288,
      "eps_actual": 0.0030125299651642358,
      "eps_estimate": 0.002991414528252606,
      "surprise_percent": 0.7058679668833439,
      "price_on_date": 0.24800914386039719,
      "revenue_growth": -8.270296954647188,
      "earnings_growth": -7.115349033805697
    },
    {
      "date": "2024-10-31",
      "quarter": "Q4 2024",
      "revenue": 97519321.59429617,
      "earnings": 9983255.350897774,
      "eps_actual": 0.002861903466906024,
      "eps_estimate": 0.002832132880144652,
      "surprise_percent": 1.0511719619544029,
      "price_on_date": 0.279494887393228,
      "revenue_growth": -9.20705739072951,
      "earnings_growth": -5.83871857367941
    },
    {
      "date": "2024-08-02",
      "quarter": "Q3 2024",
      "revenue": 92643355.51458137,
      "earnings": 9484092.583352884,
      "eps_actual": 0.0027188082935607227,
      "eps_estimate": 0.002725347733669432,
      "surprise_percent": -0.2399488339751988,
      "price_on_date": 0.2512238838123715,
      "revenue_growth": -9.076859714370878,
      "earnings_growth": -7.68459292542043
    },
    {
      "date": "2024-05-04",
      "quarter": "Q2 2024",
      "revenue": 88011187.73885228,
      "earnings": 9009887.954185238,
      "eps_actual": 0.002582867878882686,
      "eps_estimate": 0.002553568691365166,
      "surprise_percent": 1.1473819998104717,
      "price_on_date": 0.2130825766298162,
      "revenue_growth": -8.948630861761574,
      "earnings_growth": -6.567168577872854
    },
    {
      "date": "2024-02-04",
      "quarter": "Q1 2024",
      "revenue": 83610628.35190967,
      "earnings": 8559393.556475976,
      "eps_actual": 0.0024537244849385516,
      "eps_estimate": 0.002422357682283579,
      "surprise_percent": 1.2948873275148522,
      "price_on_date": 0.24371473790043932,
      "revenue_growth": -7.58212946843536,
      "earnings_growth": -7.30572199834079
    },
    {
      "date": "2023-11-06",
      "quarter": "Q4 2023",
      "revenue": 79430096.93431418,
      "earnings": 8131423.878652178,
      "eps_actual": 0.0023310382606916242,
      "eps_estimate": 0.0023429751095195234,
      "surprise_percent": -0.5094739922502669,
      "price_on_date": 0.20977256916151812,
      "revenue_growth": -6.432449286281365,
      "earnings_growth": -9.248532279881873
    }
  ],
  "metrics": {
    "revenue_trend": [
      {
        "date": "2025-07-28",
        "value": 113741736.80629385
      },
      {
        "date": "2025-04-29",
        "value": 108054649.96597914
      },
      {
        "date": "2025-01-29",
        "value": 102651917.46768019
      },
      {
        "date": "2024-10-31",
        "value": 97519321.59429617
      },
      {
        "date": "2024-08-02",
        "value": 92643355.51458137
      },
      {
        "date": "2024-05-04",
        "value": 88011187.73885228
      },
      {
        "date": "2024-02-04",
        "value": 83610628.35190967
      },
      {
        "date": "2023-11-06",
        "value": 79430096.93431418
      }
    ],
    "eps_trend": [
      {
        "date": "2025-07-28",
        "value": 0.0033379833409022007
      },
      {
        "date": "2025-04-29",
        "value": 0.00317108417385709
      },
      {
        "date": "2025-01-29",
        "value": 0.0030125299651642358
      },
      {
        "date": "2024-10-31",
        "value": 0.002861903466906024
      },
      {
        "date": "2024-08-02",
        "value": 0.0027188082935607227
      },
      {
        "date": "2024-05-04",
        "value": 0.002582867878882686
      },
      {
        "date": "2024-02-04",
        "value": 0.0024537244849385516
      },
      {
        "date": "2023-11-06",
        "value": 0.0023310382606916242
      }
    ],
    "earnings_dates": [
      "2025-07-28",
      "2025-04-29",
      "2025-01-29",
      "2024-10-31",
      "2024-08-02",
      "2024-05-04",
      "2024-02-04",
      "2023-11-06"
    ]
  },
  "analysis": {
    "avg_revenue_growth": -8.333665114189532,
    "avg_earnings_surprise": 1.7622899258405846,
    "consistency_score": 95,
    "trend_direction": "declining"
  }
}