{
  "ticker": "DGX",
  "quarters": [
    {
      "date": "2025-07-28",
      "quarter": "Q3 2025",
      "revenue": 89048113.88851058,
      "earnings": 4720520.613320709,
      "eps_actual": 0.009846606356783322,
      "eps_estimate": 0.009783235113737564,
      "surprise_percent": 0.6477534507657174,
      "price_on_date": 2.623996381363652,
      "revenue_growth": -7.48211586771033,
      "earnings_growth": -6.6907312592468875
    },
    {
      "date": "2025-04-29",
      "quarter": "Q2 2025",
      "revenue": 84595708.19408505,
      "earnings": 4484494.582654674,
      "eps_actual": 0.009354276038944157,
      "eps_estimate": 0.009353426871806857,
      "surprise_percent": 0.009078674040410139,
      "price_on_date": 2.276063976524076,
      "revenue_growth": -8.562534448225211,
      "earnings_growth": -7.217540908505637
    },
    {
      "date": "2025-01-29",
      "quarter": "Q1 2025",
      "revenue": 80365922.7843808,
      "earnings": 4260269.853521939,
      "eps_actual": 0.008886562236996947,
      "eps_estimate": 0.008580894244403668,
      "surprise_percent": 3.5621927492304355,
      "price_on_date": 2.4658237200489554,
      "revenue_growth": -10.256462635559599,
      "earnings_growth": -10.30089695606278
    },
    {
      "date": "2024-10-31",
      "quarter": "Q4 2024",
      "revenue": 76347626.64516175,
      "earnings": 4047256.3608458424,
      "eps_actual": 0.0084422341251471,
      "eps_estimate": 0.008532224336983318,
      "surprise_percent": -1.0547098655874545,
      "price_on_date": 2.2415956950008,
      "revenue_growth": -9.634619298308763,
      "earnings_growth": -8.737696853537317
    },
    {
      "date": "2024-08-02",
      "quarter": "Q3 2024",
      "revenue": 72530245.31290366,
      "earnings": 3844893.54280355,
      "eps_actual": 0.008020122418889745,
      "eps_estimate": 0.008149579258700301,
      "surprise_percent": -1.5885094886628788,
      "price_on_date": 2.09510798842932,
      "revenue_growth": -10.567013742431728,
      "earnings_growth": -7.965118603788699
    },
    {
      "date": "2024-05-04",
      "quarter": "Q2 2024",
      "revenue": 68903733.04725847,
      "earnings": 3652648.865663372,
      "eps_actual": 0.007619116297945257,
      "eps_estimate": 0.007623314975946834,
      "surprise_percent": -0.05507680077269359,
      "price_on_date": 1.9890192529702369,
      "revenue_growth": -9.6040833440739,
      "earnings_growth": -8.40938406998121
    },
    {
      "date": "2024-02-04",
      "quarter": "Q1 2024",
      "revenue": 65458546.394895546,
      "earnings": 3470016.422380204,
      "eps_actual": 0.007238160483047994,
      "eps_estimate": 0.006968291037721474,
      "surprise_percent": 3.8728210958129483,
      "price_on_date": 1.8645950597809648,
      "revenue_growth": -7.26642652766787,
      "earnings_growth": -7.445164827315144
    },
    {
      "date": "2023-11-06",
      "quarter": "Q4 2023",
      "revenue": 62185619.075150765,
      "earnings": 3296515.6012611934,
      "eps_actual": 0.006876252458895594,
      "eps_estimate": 0.006563105846652606,
      "surprise_percent": 4.771317415255496,
      "price_on_date": 1.7310573823563786,
      "revenue_growth": -8.866801627072716,
      "earnings_growth": -10.715175116944097
    }
  ],
  "metrics": {
    "revenue_trend": [
      {
        "date": "2025-07-28",
        "value": 89048113.88851058
      },
      {
        "date": "2025-04-29",
        "value": 84595708.19408505
      },
      {
        "date": "2025-01-29",
        "value": 80365922.7843808
      },
      {
        "date": "2024-10-31",
        "value": 76347626.64516175
      },
      {
        "date": "2024-08-02",
        "value": 72530245.31290366
      },
      {
        "date": "2024-05-04",
        "value": 68903733.04725847
      },
      {
        "date": "2024-02-04",
        "value": 65458546.394895546
      },
      {
        "date": "2023-11-06",
        "value": 62185619.075150765
      }
    ],
    "eps_trend": [
      {
        "date": "2025-07-28",
        "value": 0.009846606356783322
      },
      {
        "date": "2025-04-29",
        "value": 0.009354276038944157
      },
      {
        "date": "2025-01-29",
        "value": 0.008886562236996947
      },
      {
        "date": "2024-10-31",
        "value": 0.0084422341251471
      },
      {
        "date": "2024-08-02",
        "value": 0.008020122418889745
      },
      {
        "date": "2024-05-04",
        "value": 0.007619116297945257
      },
      {
        "date": "2024-02-04",
        "value": 0.007238160483047994
      },
      {
        "date": "2023-11-06",
        "value": 0.006876252458895594
      }
    ],
    "earnings_dates": [
      "2025-07-28",
      "2025-04-29",
      "2025-01-29",
      "2024-10-31",
      "2024-08-02",
      "2024-05-04",
      "2024-02-04",
      "2023-11-06"
    ]
  },
  "analysis": {
    "avg_revenue_growth": -8.983933062450976,
    "avg_earnings_surprise": 0.7910787521122772,
    "consistency_score": 77,
    "trend_direction": "declining"
  }
}