{
  "ticker": "DHI",
  "quarters": [
    {
      "date": "2025-07-28",
      "quarter": "Q3 2025",
      "revenue": 90466915.15351455,
      "earnings": 4455177.501183157,
      "eps_actual": 0.0013062352839681485,
      "eps_estimate": 0.0013221665718342816,
      "surprise_percent": -1.204938031675628,
      "price_on_date": 0.2991650569289739,
      "revenue_growth": -11.316362761256858,
      "earnings_growth": -10.139485771497302
    },
    {
      "date": "2025-04-29",
      "quarter": "Q2 2025",
      "revenue": 85943569.39583881,
      "earnings": 4232418.626123998,
      "eps_actual": 0.0012409235197697408,
      "eps_estimate": 0.0012305166074348779,
      "surprise_percent": 0.8457352198242243,
      "price_on_date": 0.280855094238814,
      "revenue_growth": -8.896544506968569,
      "earnings_growth": -8.669394648333485
    },
    {
      "date": "2025-01-29",
      "quarter": "Q1 2025",
      "revenue": 81646390.92604688,
      "earnings": 4020797.6948177987,
      "eps_actual": 0.0011788773437812537,
      "eps_estimate": 0.0011263212568775765,
      "surprise_percent": 4.666171980929746,
      "price_on_date": 0.27888360003461027,
      "revenue_growth": -9.293674377093852,
      "earnings_growth": -8.482778996925823
    },
    {
      "date": "2024-10-31",
      "quarter": "Q4 2024",
      "revenue": 77564071.37974453,
      "earnings": 3819757.8100769087,
      "eps_actual": 0.001119933476592191,
      "eps_estimate": 0.0010810816678376292,
      "surprise_percent": 3.593790359267954,
      "price_on_date": 0.26226847902941564,
      "revenue_growth": -10.186653163794675,
      "earnings_growth": -9.335270874698315
    },
    {
      "date": "2024-08-02",
      "quarter": "Q3 2024",
      "revenue": 73685867.8107573,
      "earnings": 3628769.919573063,
      "eps_actual": 0.0010639368027625814,
      "eps_estimate": 0.00104520397352653,
      "surprise_percent": 1.792265405655378,
      "price_on_date": 0.26671025815519456,
      "revenue_growth": -9.984065960991057,
      "earnings_growth": -7.993318425125577
    },
    {
      "date": "2024-05-04",
      "quarter": "Q2 2024",
      "revenue": 70001574.42021942,
      "earnings": 3447331.423594409,
      "eps_actual": 0.0010107399626244522,
      "eps_estimate": 0.0010124491633976725,
      "surprise_percent": -0.16881842911345094,
      "price_on_date": 0.2574733286542107,
      "revenue_growth": -7.852903829967419,
      "earnings_growth": -7.5158065975740165
    },
    {
      "date": "2024-02-04",
      "quarter": "Q1 2024",
      "revenue": 66501495.69920845,
      "earnings": 3274964.852414689,
      "eps_actual": 0.0009602029644932297,
      "eps_estimate": 0.0009671081385608417,
      "surprise_percent": -0.7140022705100583,
      "price_on_date": 0.23237359065301108,
      "revenue_growth": -8.862987951490757,
      "earnings_growth": -9.221581447577488
    },
    {
      "date": "2023-11-06",
      "quarter": "Q4 2023",
      "revenue": 63176420.91424803,
      "earnings": 3111216.6097939545,
      "eps_actual": 0.0009121928162685682,
      "eps_estimate": 0.0008900923549529254,
      "surprise_percent": 2.482940246892872,
      "price_on_date": 0.22590346571595493,
      "revenue_growth": -8.399985279573729,
      "earnings_growth": -11.995908112462201
    }
  ],
  "metrics": {
    "revenue_trend": [
      {
        "date": "2025-07-28",
        "value": 90466915.15351455
      },
      {
        "date": "2025-04-29",
        "value": 85943569.39583881
      },
      {
        "date": "2025-01-29",
        "value": 81646390.92604688
      },
      {
        "date": "2024-10-31",
        "value": 77564071.37974453
      },
      {
        "date": "2024-08-02",
        "value": 73685867.8107573
      },
      {
        "date": "2024-05-04",
        "value": 70001574.42021942
      },
      {
        "date": "2024-02-04",
        "value": 66501495.69920845
      },
      {
        "date": "2023-11-06",
        "value": 63176420.91424803
      }
    ],
    "eps_trend": [
      {
        "date": "2025-07-28",
        "value": 0.0013062352839681485
      },
      {
        "date": "2025-04-29",
        "value": 0.0012409235197697408
      },
      {
        "date": "2025-01-29",
        "value": 0.0011788773437812537
      },
      {
        "date": "2024-10-31",
        "value": 0.001119933476592191
      },
      {
        "date": "2024-08-02",
        "value": 0.0010639368027625814
      },
      {
        "date": "2024-05-04",
        "value": 0.0010107399626244522
      },
      {
        "date": "2024-02-04",
        "value": 0.0009602029644932297
      },
      {
        "date": "2023-11-06",
        "value": 0.0009121928162685682
      }
    ],
    "earnings_dates": [
      "2025-07-28",
      "2025-04-29",
      "2025-01-29",
      "2024-10-31",
      "2024-08-02",
      "2024-05-04",
      "2024-02-04",
      "2023-11-06"
    ]
  },
  "analysis": {
    "avg_revenue_growth": -9.923308702278488,
    "avg_earnings_surprise": 1.9751898820865739,
    "consistency_score": 70,
    "trend_direction": "declining"
  }
}