{
  "ticker": "DHR",
  "quarters": [
    {
      "date": "2025-07-28",
      "quarter": "Q3 2025",
      "revenue": 1155071544.4987292,
      "earnings": 117116173.97987106,
      "eps_actual": 0.029174706884753505,
      "eps_estimate": 0.02957118173206088,
      "surprise_percent": -1.3407473901440976,
      "price_on_date": 10.573019717252782,
      "revenue_growth": -10.145003571941242,
      "earnings_growth": -9.81215666090626
    },
    {
      "date": "2025-04-29",
      "quarter": "Q2 2025",
      "revenue": 1097317967.2737927,
      "earnings": 111260365.28087752,
      "eps_actual": 0.02771597154051583,
      "eps_estimate": 0.026642712524082575,
      "surprise_percent": 4.028339890178698,
      "price_on_date": 10.63572059787784,
      "revenue_growth": -8.651980023815831,
      "earnings_growth": -8.019759131656047
    },
    {
      "date": "2025-01-29",
      "quarter": "Q1 2025",
      "revenue": 1042452068.9101031,
      "earnings": 105697347.01683363,
      "eps_actual": 0.026330172963490037,
      "eps_estimate": 0.026396134723567413,
      "surprise_percent": -0.2498917389540478,
      "price_on_date": 9.308271105679234,
      "revenue_growth": -9.029769535215452,
      "earnings_growth": -12.046574094961915
    },
    {
      "date": "2024-10-31",
      "quarter": "Q4 2024",
      "revenue": 990329465.4645978,
      "earnings": 100412479.66599195,
      "eps_actual": 0.025013664315315536,
      "eps_estimate": 0.024056078397995596,
      "surprise_percent": 3.980640158704036,
      "price_on_date": 8.132569688249127,
      "revenue_growth": -10.306440770456549,
      "earnings_growth": -9.576316123349155
    },
    {
      "date": "2024-08-02",
      "quarter": "Q3 2024",
      "revenue": 940812992.191368,
      "earnings": 95391855.68269235,
      "eps_actual": 0.023762981099549756,
      "eps_estimate": 0.0226935924096447,
      "surprise_percent": 4.712293543487505,
      "price_on_date": 8.755904557205383,
      "revenue_growth": -10.418027914937394,
      "earnings_growth": -11.094028915325254
    },
    {
      "date": "2024-05-04",
      "quarter": "Q2 2024",
      "revenue": 893772342.5817994,
      "earnings": 90622262.89855771,
      "eps_actual": 0.022574832044572262,
      "eps_estimate": 0.0229107833232364,
      "surprise_percent": -1.4663456675591355,
      "price_on_date": 8.515648275558027,
      "revenue_growth": -9.15578690445197,
      "earnings_growth": -9.20196354398078
    },
    {
      "date": "2024-02-04",
      "quarter": "Q1 2024",
      "revenue": 849083725.4527094,
      "earnings": 86091149.75362983,
      "eps_actual": 0.021446090442343652,
      "eps_estimate": 0.020817387774678522,
      "surprise_percent": 3.0200843375260553,
      "price_on_date": 7.5722682358766455,
      "revenue_growth": -8.411503661341072,
      "earnings_growth": -8.907444003631507
    },
    {
      "date": "2023-11-06",
      "quarter": "Q4 2023",
      "revenue": 806629539.1800739,
      "earnings": 81786592.26594833,
      "eps_actual": 0.020373785920226466,
      "eps_estimate": 0.02069478883134442,
      "surprise_percent": -1.5511291936053015,
      "price_on_date": 7.355345938144169,
      "revenue_growth": -9.565834961415375,
      "earnings_growth": -7.57436866787898
    }
  ],
  "metrics": {
    "revenue_trend": [
      {
        "date": "2025-07-28",
        "value": 1155071544.4987292
      },
      {
        "date": "2025-04-29",
        "value": 1097317967.2737927
      },
      {
        "date": "2025-01-29",
        "value": 1042452068.9101031
      },
      {
        "date": "2024-10-31",
        "value": 990329465.4645978
      },
      {
        "date": "2024-08-02",
        "value": 940812992.191368
      },
      {
        "date": "2024-05-04",
        "value": 893772342.5817994
      },
      {
        "date": "2024-02-04",
        "value": 849083725.4527094
      },
      {
        "date": "2023-11-06",
        "value": 806629539.1800739
      }
    ],
    "eps_trend": [
      {
        "date": "2025-07-28",
        "value": 0.029174706884753505
      },
      {
        "date": "2025-04-29",
        "value": 0.02771597154051583
      },
      {
        "date": "2025-01-29",
        "value": 0.026330172963490037
      },
      {
        "date": "2024-10-31",
        "value": 0.025013664315315536
      },
      {
        "date": "2024-08-02",
        "value": 0.023762981099549756
      },
      {
        "date": "2024-05-04",
        "value": 0.022574832044572262
      },
      {
        "date": "2024-02-04",
        "value": 0.021446090442343652
      },
      {
        "date": "2023-11-06",
        "value": 0.020373785920226466
      }
    ],
    "earnings_dates": [
      "2025-07-28",
      "2025-04-29",
      "2025-01-29",
      "2024-10-31",
      "2024-08-02",
      "2024-05-04",
      "2024-02-04",
      "2023-11-06"
    ]
  },
  "analysis": {
    "avg_revenue_growth": -9.533298475357268,
    "avg_earnings_surprise": 1.6045852299461472,
    "consistency_score": 60,
    "trend_direction": "declining"
  }
}