{
  "ticker": "DIS",
  "quarters": [
    {
      "date": "2025-07-28",
      "quarter": "Q3 2025",
      "revenue": 51336032110.504944,
      "earnings": 7532567330.092274,
      "eps_actual": 4.3842369402343495,
      "eps_estimate": 4.262921844812957,
      "surprise_percent": 2.8458203044235155,
      "price_on_date": 1078.9847566620347,
      "revenue_growth": 18.163591544655663,
      "earnings_growth": 15.490135350335992
    },
    {
      "date": "2025-04-29",
      "quarter": "Q2 2025",
      "revenue": 48769230504.9797,
      "earnings": 7155938963.58766,
      "eps_actual": 4.165025093222631,
      "eps_estimate": 4.06494352990936,
      "surprise_percent": 2.462065280289456,
      "price_on_date": 1082.3334239702087,
      "revenue_growth": 16.939811107027,
      "earnings_growth": 13.42679439245245
    },
    {
      "date": "2025-01-29",
      "quarter": "Q1 2025",
      "revenue": 46330768979.73071,
      "earnings": 6798142015.4082775,
      "eps_actual": 3.9567738385615003,
      "eps_estimate": 4.015564293903109,
      "surprise_percent": -1.464064600605982,
      "price_on_date": 1060.8787896563958,
      "revenue_growth": 18.429547736026144,
      "earnings_growth": 12.70290731981254
    },
    {
      "date": "2024-10-31",
      "quarter": "Q4 2024",
      "revenue": 44014230530.74417,
      "earnings": 6458234914.637862,
      "eps_actual": 3.7589351466334247,
      "eps_estimate": 3.808395817032212,
      "surprise_percent": -1.2987271485171124,
      "price_on_date": 981.1744154473771,
      "revenue_growth": 16.891469054523416,
      "earnings_growth": 14.05561665009776
    },
    {
      "date": "2024-08-02",
      "quarter": "Q3 2024",
      "revenue": 41813519004.20696,
      "earnings": 6135323168.90597,
      "eps_actual": 3.5709883893017538,
      "eps_estimate": 3.4555691256162535,
      "surprise_percent": 3.3400941925859122,
      "price_on_date": 1027.3705801623826,
      "revenue_growth": 14.989869602116004,
      "earnings_growth": 22.91818746555048
    },
    {
      "date": "2024-05-04",
      "quarter": "Q2 2024",
      "revenue": 39722843053.996605,
      "earnings": 5828557010.4606695,
      "eps_actual": 3.392438969836665,
      "eps_estimate": 3.4051009365999905,
      "surprise_percent": -0.37185290536404664,
      "price_on_date": 946.0277578998559,
      "revenue_growth": 16.49859980928596,
      "earnings_growth": 17.766324149979138
    },
    {
      "date": "2024-02-04",
      "quarter": "Q1 2024",
      "revenue": 37736700901.296776,
      "earnings": 5537129159.937636,
      "eps_actual": 3.2228170213448317,
      "eps_estimate": 3.2149460309681595,
      "surprise_percent": 0.24482496131675263,
      "price_on_date": 890.5045752289352,
      "revenue_growth": 14.993012010898095,
      "earnings_growth": 20.613731752882003
    },
    {
      "date": "2023-11-06",
      "quarter": "Q4 2023",
      "revenue": 35849865856.23193,
      "earnings": 5260272701.940754,
      "eps_actual": 3.06167617027759,
      "eps_estimate": 3.103111939725015,
      "surprise_percent": -1.335297283896779,
      "price_on_date": 871.0055726389594,
      "revenue_growth": 18.835613401361865,
      "earnings_growth": 14.434403371409216
    }
  ],
  "metrics": {
    "revenue_trend": [
      {
        "date": "2025-07-28",
        "value": 51336032110.504944
      },
      {
        "date": "2025-04-29",
        "value": 48769230504.9797
      },
      {
        "date": "2025-01-29",
        "value": 46330768979.73071
      },
      {
        "date": "2024-10-31",
        "value": 44014230530.74417
      },
      {
        "date": "2024-08-02",
        "value": 41813519004.20696
      },
      {
        "date": "2024-05-04",
        "value": 39722843053.996605
      },
      {
        "date": "2024-02-04",
        "value": 37736700901.296776
      },
      {
        "date": "2023-11-06",
        "value": 35849865856.23193
      }
    ],
    "eps_trend": [
      {
        "date": "2025-07-28",
        "value": 4.3842369402343495
      },
      {
        "date": "2025-04-29",
        "value": 4.165025093222631
      },
      {
        "date": "2025-01-29",
        "value": 3.9567738385615003
      },
      {
        "date": "2024-10-31",
        "value": 3.7589351466334247
      },
      {
        "date": "2024-08-02",
        "value": 3.5709883893017538
      },
      {
        "date": "2024-05-04",
        "value": 3.392438969836665
      },
      {
        "date": "2024-02-04",
        "value": 3.2228170213448317
      },
      {
        "date": "2023-11-06",
        "value": 3.06167617027759
      }
    ],
    "earnings_dates": [
      "2025-07-28",
      "2025-04-29",
      "2025-01-29",
      "2024-10-31",
      "2024-08-02",
      "2024-05-04",
      "2024-02-04",
      "2023-11-06"
    ]
  },
  "analysis": {
    "avg_revenue_growth": 17.606104860558055,
    "avg_earnings_surprise": 0.6362734588974693,
    "consistency_score": 76,
    "trend_direction": "growing"
  }
}