{
  "ticker": "DLR",
  "quarters": [
    {
      "date": "2025-07-28",
      "quarter": "Q3 2025",
      "revenue": 709285812.4420303,
      "earnings": 30903304.810544875,
      "eps_actual": 0.008128363562783694,
      "eps_estimate": 0.008215510327370128,
      "surprise_percent": -1.0607589926106327,
      "price_on_date": 20.288024688093632,
      "revenue_growth": -11.031808545615945,
      "earnings_growth": -9.544999865905677
    },
    {
      "date": "2025-04-29",
      "quarter": "Q2 2025",
      "revenue": 673821521.8199288,
      "earnings": 29358139.57001763,
      "eps_actual": 0.00772194538464451,
      "eps_estimate": 0.007539666511016104,
      "surprise_percent": 2.4175986213989793,
      "price_on_date": 19.838635526044275,
      "revenue_growth": -8.93185089617518,
      "earnings_growth": -8.34591407497296
    },
    {
      "date": "2025-01-29",
      "quarter": "Q1 2025",
      "revenue": 640130445.7289324,
      "earnings": 27890232.59151675,
      "eps_actual": 0.0073358481154122855,
      "eps_estimate": 0.007416689357110407,
      "surprise_percent": -1.08999093538438,
      "price_on_date": 17.889494427008067,
      "revenue_growth": -11.748782882124734,
      "earnings_growth": -7.732343509635128
    },
    {
      "date": "2024-10-31",
      "quarter": "Q4 2024",
      "revenue": 608123923.4424857,
      "earnings": 26495720.96194091,
      "eps_actual": 0.00696905570964167,
      "eps_estimate": 0.006875360937509208,
      "surprise_percent": 1.3627615042186536,
      "price_on_date": 16.657234614799087,
      "revenue_growth": -11.65999806916236,
      "earnings_growth": -11.90509442000828
    },
    {
      "date": "2024-08-02",
      "quarter": "Q3 2024",
      "revenue": 577717727.2703613,
      "earnings": 25170934.91384386,
      "eps_actual": 0.0066206029241595845,
      "eps_estimate": 0.006533787471221972,
      "surprise_percent": 1.3287155929082564,
      "price_on_date": 16.686831287930225,
      "revenue_growth": -11.385427860528186,
      "earnings_growth": -9.45804390630413
    },
    {
      "date": "2024-05-04",
      "quarter": "Q2 2024",
      "revenue": 548831840.9068432,
      "earnings": 23912388.168151665,
      "eps_actual": 0.006289572777951605,
      "eps_estimate": 0.006261086490638585,
      "surprise_percent": 0.45497354741244994,
      "price_on_date": 16.271883630310718,
      "revenue_growth": -11.718314178060524,
      "earnings_growth": -8.381588296098045
    },
    {
      "date": "2024-02-04",
      "quarter": "Q1 2024",
      "revenue": 521390248.86150104,
      "earnings": 22716768.75974408,
      "eps_actual": 0.0059750941390540255,
      "eps_estimate": 0.005880073414108545,
      "surprise_percent": 1.6159785474359838,
      "price_on_date": 13.7990834578511,
      "revenue_growth": -11.848848598343338,
      "earnings_growth": -10.85367400736242
    },
    {
      "date": "2023-11-06",
      "quarter": "Q4 2023",
      "revenue": 495320736.418426,
      "earnings": 21580930.321756877,
      "eps_actual": 0.005676339432101323,
      "eps_estimate": 0.005469861109254449,
      "surprise_percent": 3.7748366681109013,
      "price_on_date": 14.724921623926258,
      "revenue_growth": -12.217138207465684,
      "earnings_growth": -7.87692106416895
    }
  ],
  "metrics": {
    "revenue_trend": [
      {
        "date": "2025-07-28",
        "value": 709285812.4420303
      },
      {
        "date": "2025-04-29",
        "value": 673821521.8199288
      },
      {
        "date": "2025-01-29",
        "value": 640130445.7289324
      },
      {
        "date": "2024-10-31",
        "value": 608123923.4424857
      },
      {
        "date": "2024-08-02",
        "value": 577717727.2703613
      },
      {
        "date": "2024-05-04",
        "value": 548831840.9068432
      },
      {
        "date": "2024-02-04",
        "value": 521390248.86150104
      },
      {
        "date": "2023-11-06",
        "value": 495320736.418426
      }
    ],
    "eps_trend": [
      {
        "date": "2025-07-28",
        "value": 0.008128363562783694
      },
      {
        "date": "2025-04-29",
        "value": 0.00772194538464451
      },
      {
        "date": "2025-01-29",
        "value": 0.0073358481154122855
      },
      {
        "date": "2024-10-31",
        "value": 0.00696905570964167
      },
      {
        "date": "2024-08-02",
        "value": 0.0066206029241595845
      },
      {
        "date": "2024-05-04",
        "value": 0.006289572777951605
      },
      {
        "date": "2024-02-04",
        "value": 0.0059750941390540255
      },
      {
        "date": "2023-11-06",
        "value": 0.005676339432101323
      }
    ],
    "earnings_dates": [
      "2025-07-28",
      "2025-04-29",
      "2025-01-29",
      "2024-10-31",
      "2024-08-02",
      "2024-05-04",
      "2024-02-04",
      "2023-11-06"
    ]
  },
  "analysis": {
    "avg_revenue_growth": -10.843110098269555,
    "avg_earnings_surprise": 0.40740254940565507,
    "consistency_score": 93,
    "trend_direction": "declining"
  }
}