{
  "ticker": "DLTR",
  "quarters": [
    {
      "date": "2025-07-28",
      "quarter": "Q3 2025",
      "revenue": 68609986.33400351,
      "earnings": 10843347.178273173,
      "eps_actual": 0.034650573816479735,
      "eps_estimate": 0.034307563687687885,
      "surprise_percent": 0.999809056435411,
      "price_on_date": 3.3153847674647707,
      "revenue_growth": 5.390442237002939,
      "earnings_growth": 8.61725779172759
    },
    {
      "date": "2025-04-29",
      "quarter": "Q2 2025",
      "revenue": 65179487.01730333,
      "earnings": 10301179.819359515,
      "eps_actual": 0.03291804512565575,
      "eps_estimate": 0.031623476236066116,
      "surprise_percent": 4.093695708611557,
      "price_on_date": 3.2561670842501016,
      "revenue_growth": 6.427416404902854,
      "earnings_growth": 5.204303492171003
    },
    {
      "date": "2025-01-29",
      "quarter": "Q1 2025",
      "revenue": 61920512.66643816,
      "earnings": 9786120.828391539,
      "eps_actual": 0.03127214286937296,
      "eps_estimate": 0.031427908982955055,
      "surprise_percent": -0.4956298991020261,
      "price_on_date": 3.1088174558559225,
      "revenue_growth": 5.784864486650005,
      "earnings_growth": 6.848923534314789
    },
    {
      "date": "2024-10-31",
      "quarter": "Q4 2024",
      "revenue": 58824487.03311625,
      "earnings": 9296814.78697196,
      "eps_actual": 0.029708535725904307,
      "eps_estimate": 0.02893350021451733,
      "surprise_percent": 2.6786787137427144,
      "price_on_date": 2.9827429429893453,
      "revenue_growth": 6.255807233411003,
      "earnings_growth": 5.273434428254778
    },
    {
      "date": "2024-08-02",
      "quarter": "Q3 2024",
      "revenue": 55883262.68146043,
      "earnings": 8831974.047623362,
      "eps_actual": 0.028223108939609092,
      "eps_estimate": 0.027046608304978417,
      "surprise_percent": 4.349900813308701,
      "price_on_date": 2.9259144082518773,
      "revenue_growth": 6.337565207521044,
      "earnings_growth": 5.3717516774271115
    },
    {
      "date": "2024-05-04",
      "quarter": "Q2 2024",
      "revenue": 53089099.547387406,
      "earnings": 8390375.345242193,
      "eps_actual": 0.026811953492628632,
      "eps_estimate": 0.027328946373996656,
      "surprise_percent": -1.8917409924736082,
      "price_on_date": 2.7561780725469576,
      "revenue_growth": 6.730277582123737,
      "earnings_growth": 8.662278837589378
    },
    {
      "date": "2024-02-04",
      "quarter": "Q1 2024",
      "revenue": 50434644.57001804,
      "earnings": 7970856.577980083,
      "eps_actual": 0.025471355817997202,
      "eps_estimate": 0.025882054888460505,
      "surprise_percent": -1.586810136340497,
      "price_on_date": 2.6376503062020578,
      "revenue_growth": 7.664525958425361,
      "earnings_growth": 8.303007848601265
    },
    {
      "date": "2023-11-06",
      "quarter": "Q4 2023",
      "revenue": 47912912.34151713,
      "earnings": 7572313.749081078,
      "eps_actual": 0.024197788027097336,
      "eps_estimate": 0.023231226101422035,
      "surprise_percent": 4.160615205824785,
      "price_on_date": 2.261375243873243,
      "revenue_growth": 7.158843610621749,
      "earnings_growth": 6.949519259705981
    }
  ],
  "metrics": {
    "revenue_trend": [
      {
        "date": "2025-07-28",
        "value": 68609986.33400351
      },
      {
        "date": "2025-04-29",
        "value": 65179487.01730333
      },
      {
        "date": "2025-01-29",
        "value": 61920512.66643816
      },
      {
        "date": "2024-10-31",
        "value": 58824487.03311625
      },
      {
        "date": "2024-08-02",
        "value": 55883262.68146043
      },
      {
        "date": "2024-05-04",
        "value": 53089099.547387406
      },
      {
        "date": "2024-02-04",
        "value": 50434644.57001804
      },
      {
        "date": "2023-11-06",
        "value": 47912912.34151713
      }
    ],
    "eps_trend": [
      {
        "date": "2025-07-28",
        "value": 0.034650573816479735
      },
      {
        "date": "2025-04-29",
        "value": 0.03291804512565575
      },
      {
        "date": "2025-01-29",
        "value": 0.03127214286937296
      },
      {
        "date": "2024-10-31",
        "value": 0.029708535725904307
      },
      {
        "date": "2024-08-02",
        "value": 0.028223108939609092
      },
      {
        "date": "2024-05-04",
        "value": 0.026811953492628632
      },
      {
        "date": "2024-02-04",
        "value": 0.025471355817997202
      },
      {
        "date": "2023-11-06",
        "value": 0.024197788027097336
      }
    ],
    "earnings_dates": [
      "2025-07-28",
      "2025-04-29",
      "2025-01-29",
      "2024-10-31",
      "2024-08-02",
      "2024-05-04",
      "2024-02-04",
      "2023-11-06"
    ]
  },
  "analysis": {
    "avg_revenue_growth": 5.9646325904917,
    "avg_earnings_surprise": 1.8191383949219142,
    "consistency_score": 80,
    "trend_direction": "growing"
  }
}