{
  "ticker": "DOC",
  "quarters": [
    {
      "date": "2025-07-28",
      "quarter": "Q3 2025",
      "revenue": 87165443.38099357,
      "earnings": 1208996.4555986996,
      "eps_actual": 0.0015553518738912412,
      "eps_estimate": 0.001566800378148808,
      "surprise_percent": -0.7306932278822452,
      "price_on_date": 2.366214636661859,
      "revenue_growth": 35.13182968499971,
      "earnings_growth": 48.46511354863658
    },
    {
      "date": "2025-04-29",
      "quarter": "Q2 2025",
      "revenue": 82807171.2119439,
      "earnings": 1148546.6328187645,
      "eps_actual": 0.0014775842801966791,
      "eps_estimate": 0.001502531663301987,
      "surprise_percent": -1.6603565644988223,
      "price_on_date": 2.3879389715470825,
      "revenue_growth": 39.70112550689376,
      "earnings_growth": 44.611341387232756
    },
    {
      "date": "2025-01-29",
      "quarter": "Q1 2025",
      "revenue": 78666812.6513467,
      "earnings": 1091119.3011778262,
      "eps_actual": 0.001403705066186845,
      "eps_estimate": 0.0014202820705080763,
      "surprise_percent": -1.167162823881968,
      "price_on_date": 2.279599640031762,
      "revenue_growth": 45.415042979968014,
      "earnings_growth": 36.87572136750309
    },
    {
      "date": "2024-10-31",
      "quarter": "Q4 2024",
      "revenue": 74733472.01877935,
      "earnings": 1036563.3361189348,
      "eps_actual": 0.0013335198128775025,
      "eps_estimate": 0.0013117914118770172,
      "surprise_percent": 1.6563914661855126,
      "price_on_date": 2.116347201278818,
      "revenue_growth": 33.70326257735496,
      "earnings_growth": 34.75334757339451
    },
    {
      "date": "2024-08-02",
      "quarter": "Q3 2024",
      "revenue": 70996798.41784039,
      "earnings": 984735.1693129882,
      "eps_actual": 0.0012668438222336277,
      "eps_estimate": 0.0012841807234663539,
      "surprise_percent": -1.350035934656392,
      "price_on_date": 2.02714254977974,
      "revenue_growth": 43.8761469716688,
      "earnings_growth": 34.616862556556114
    },
    {
      "date": "2024-05-04",
      "quarter": "Q2 2024",
      "revenue": 67446958.49694836,
      "earnings": 935498.4108473386,
      "eps_actual": 0.001203501631121946,
      "eps_estimate": 0.0012052257806653317,
      "surprise_percent": -0.14305614525055596,
      "price_on_date": 1.976558071288198,
      "revenue_growth": 37.820032768976915,
      "earnings_growth": 45.0999264959534
    },
    {
      "date": "2024-02-04",
      "quarter": "Q1 2024",
      "revenue": 64074610.572100945,
      "earnings": 888723.4903049717,
      "eps_actual": 0.0011433265495658488,
      "eps_estimate": 0.00115213714666961,
      "surprise_percent": -0.7647177360116549,
      "price_on_date": 1.580846697071612,
      "revenue_growth": 40.28121563945555,
      "earnings_growth": 33.44614658932963
    },
    {
      "date": "2023-11-06",
      "quarter": "Q4 2023",
      "revenue": 60870880.043495886,
      "earnings": 844287.315789723,
      "eps_actual": 0.001086160222087556,
      "eps_estimate": 0.001033195948656206,
      "surprise_percent": 5.126256398917971,
      "price_on_date": 1.7118071332222369,
      "revenue_growth": 33.68930227555838,
      "earnings_growth": 44.11996257264571
    }
  ],
  "metrics": {
    "revenue_trend": [
      {
        "date": "2025-07-28",
        "value": 87165443.38099357
      },
      {
        "date": "2025-04-29",
        "value": 82807171.2119439
      },
      {
        "date": "2025-01-29",
        "value": 78666812.6513467
      },
      {
        "date": "2024-10-31",
        "value": 74733472.01877935
      },
      {
        "date": "2024-08-02",
        "value": 70996798.41784039
      },
      {
        "date": "2024-05-04",
        "value": 67446958.49694836
      },
      {
        "date": "2024-02-04",
        "value": 64074610.572100945
      },
      {
        "date": "2023-11-06",
        "value": 60870880.043495886
      }
    ],
    "eps_trend": [
      {
        "date": "2025-07-28",
        "value": 0.0015553518738912412
      },
      {
        "date": "2025-04-29",
        "value": 0.0014775842801966791
      },
      {
        "date": "2025-01-29",
        "value": 0.001403705066186845
      },
      {
        "date": "2024-10-31",
        "value": 0.0013335198128775025
      },
      {
        "date": "2024-08-02",
        "value": 0.0012668438222336277
      },
      {
        "date": "2024-05-04",
        "value": 0.001203501631121946
      },
      {
        "date": "2024-02-04",
        "value": 0.0011433265495658488
      },
      {
        "date": "2023-11-06",
        "value": 0.001086160222087556
      }
    ],
    "earnings_dates": [
      "2025-07-28",
      "2025-04-29",
      "2025-01-29",
      "2024-10-31",
      "2024-08-02",
      "2024-05-04",
      "2024-02-04",
      "2023-11-06"
    ]
  },
  "analysis": {
    "avg_revenue_growth": 38.48781518730411,
    "avg_earnings_surprise": -0.4754552875193807,
    "consistency_score": 94,
    "trend_direction": "growing"
  }
}