{
  "ticker": "DOCU",
  "quarters": [
    {
      "date": "2025-07-28",
      "quarter": "Q3 2025",
      "revenue": 464651734.18906236,
      "earnings": 39567846.87700768,
      "eps_actual": 0.21109680875674633,
      "eps_estimate": 0.21459369138476755,
      "surprise_percent": -1.629536546697124,
      "price_on_date": 119.18868306647211,
      "revenue_growth": -16.363720655245544,
      "earnings_growth": -12.169712420544814
    },
    {
      "date": "2025-04-29",
      "quarter": "Q2 2025",
      "revenue": 441419147.4796092,
      "earnings": 37589454.53315729,
      "eps_actual": 0.200541968318909,
      "eps_estimate": 0.20151962590578207,
      "surprise_percent": -0.4851426169926309,
      "price_on_date": 114.89981400935105,
      "revenue_growth": -17.340504522017845,
      "earnings_growth": -18.360148554518304
    },
    {
      "date": "2025-01-29",
      "quarter": "Q1 2025",
      "revenue": 419348190.1056288,
      "earnings": 35709981.80649943,
      "eps_actual": 0.19051486990296357,
      "eps_estimate": 0.18812436550353867,
      "surprise_percent": 1.2707042987368542,
      "price_on_date": 107.73996578022955,
      "revenue_growth": -17.91645976752445,
      "earnings_growth": -21.87457434325112
    },
    {
      "date": "2024-10-31",
      "quarter": "Q4 2024",
      "revenue": 398380780.6003473,
      "earnings": 33924482.71617445,
      "eps_actual": 0.18098912640781536,
      "eps_estimate": 0.18394923616196315,
      "surprise_percent": -1.6091992638346584,
      "price_on_date": 101.86208498051484,
      "revenue_growth": -15.974323259817835,
      "earnings_growth": -20.048890444388228
    },
    {
      "date": "2024-08-02",
      "quarter": "Q3 2024",
      "revenue": 378461741.5703299,
      "earnings": 32228258.58036573,
      "eps_actual": 0.17193967008742458,
      "eps_estimate": 0.16562446348522367,
      "surprise_percent": 3.8129672811071984,
      "price_on_date": 87.95729787566938,
      "revenue_growth": -18.747125253630294,
      "earnings_growth": -17.438938577313408
    },
    {
      "date": "2024-05-04",
      "quarter": "Q2 2024",
      "revenue": 359538654.49181336,
      "earnings": 30616845.651347436,
      "eps_actual": 0.16334268658305331,
      "eps_estimate": 0.16415992572344754,
      "surprise_percent": -0.49783108562742984,
      "price_on_date": 95.49327696805429,
      "revenue_growth": -19.2645753349933,
      "earnings_growth": -14.294235061675113
    },
    {
      "date": "2024-02-04",
      "quarter": "Q1 2024",
      "revenue": 341561721.7672227,
      "earnings": 29086003.368780065,
      "eps_actual": 0.15517555225390064,
      "eps_estimate": 0.1528975271538486,
      "surprise_percent": 1.4899031674723187,
      "price_on_date": 77.03081251100842,
      "revenue_growth": -18.321960185106153,
      "earnings_growth": -13.963530687340011
    },
    {
      "date": "2023-11-06",
      "quarter": "Q4 2023",
      "revenue": 324483635.67886156,
      "earnings": 27631703.20034106,
      "eps_actual": 0.14741677464120562,
      "eps_estimate": 0.14137312072942032,
      "surprise_percent": 4.274966755068305,
      "price_on_date": 72.4012144831091,
      "revenue_growth": -15.293479429135525,
      "earnings_growth": -19.667968222686625
    }
  ],
  "metrics": {
    "revenue_trend": [
      {
        "date": "2025-07-28",
        "value": 464651734.18906236
      },
      {
        "date": "2025-04-29",
        "value": 441419147.4796092
      },
      {
        "date": "2025-01-29",
        "value": 419348190.1056288
      },
      {
        "date": "2024-10-31",
        "value": 398380780.6003473
      },
      {
        "date": "2024-08-02",
        "value": 378461741.5703299
      },
      {
        "date": "2024-05-04",
        "value": 359538654.49181336
      },
      {
        "date": "2024-02-04",
        "value": 341561721.7672227
      },
      {
        "date": "2023-11-06",
        "value": 324483635.67886156
      }
    ],
    "eps_trend": [
      {
        "date": "2025-07-28",
        "value": 0.21109680875674633
      },
      {
        "date": "2025-04-29",
        "value": 0.200541968318909
      },
      {
        "date": "2025-01-29",
        "value": 0.19051486990296357
      },
      {
        "date": "2024-10-31",
        "value": 0.18098912640781536
      },
      {
        "date": "2024-08-02",
        "value": 0.17193967008742458
      },
      {
        "date": "2024-05-04",
        "value": 0.16334268658305331
      },
      {
        "date": "2024-02-04",
        "value": 0.15517555225390064
      },
      {
        "date": "2023-11-06",
        "value": 0.14741677464120562
      }
    ],
    "earnings_dates": [
      "2025-07-28",
      "2025-04-29",
      "2025-01-29",
      "2024-10-31",
      "2024-08-02",
      "2024-05-04",
      "2024-02-04",
      "2023-11-06"
    ]
  },
  "analysis": {
    "avg_revenue_growth": -16.89875205115142,
    "avg_earnings_surprise": -0.6132935321968898,
    "consistency_score": 60,
    "trend_direction": "declining"
  }
}