{
  "ticker": "DOV",
  "quarters": [
    {
      "date": "2025-07-28",
      "quarter": "Q3 2025",
      "revenue": 30481564.402166683,
      "earnings": 3731247.7809752673,
      "eps_actual": 0.0016798124870028377,
      "eps_estimate": 0.0016970700929366078,
      "surprise_percent": -1.0169059018598072,
      "price_on_date": 0.15594451666350348,
      "revenue_growth": 49.402462981726195,
      "earnings_growth": 33.31969335447516
    },
    {
      "date": "2025-04-29",
      "quarter": "Q2 2025",
      "revenue": 28957486.18205835,
      "earnings": 3544685.391926504,
      "eps_actual": 0.001595821862652696,
      "eps_estimate": 0.0016195927155659457,
      "surprise_percent": -1.4677055956591762,
      "price_on_date": 0.1358460859253922,
      "revenue_growth": 43.60743606454758,
      "earnings_growth": 56.71827984755119
    },
    {
      "date": "2025-01-29",
      "quarter": "Q1 2025",
      "revenue": 27509611.87295543,
      "earnings": 3367451.122330179,
      "eps_actual": 0.0015160307695200612,
      "eps_estimate": 0.001533701030133907,
      "surprise_percent": -1.1521320170400517,
      "price_on_date": 0.12111977870427275,
      "revenue_growth": 43.67037245565295,
      "earnings_growth": 34.09478973333468
    },
    {
      "date": "2024-10-31",
      "quarter": "Q4 2024",
      "revenue": 26134131.279307656,
      "earnings": 3199078.5662136693,
      "eps_actual": 0.0014402292310440577,
      "eps_estimate": 0.0014675054059566856,
      "surprise_percent": -1.858676281662228,
      "price_on_date": 0.1314495468886869,
      "revenue_growth": 36.13861369676097,
      "earnings_growth": 32.352501273291296
    },
    {
      "date": "2024-08-02",
      "quarter": "Q3 2024",
      "revenue": 24827424.715342272,
      "earnings": 3039124.637902986,
      "eps_actual": 0.001368217769491855,
      "eps_estimate": 0.0013156206408720813,
      "surprise_percent": 3.997894756721719,
      "price_on_date": 0.11846503939456593,
      "revenue_growth": 52.15843496018421,
      "earnings_growth": 55.69023801258401
    },
    {
      "date": "2024-05-04",
      "quarter": "Q2 2024",
      "revenue": 23586053.479575157,
      "earnings": 2887168.4060078366,
      "eps_actual": 0.001299806881017262,
      "eps_estimate": 0.0012998894770105199,
      "surprise_percent": -0.006354078151915506,
      "price_on_date": 0.11295201882274683,
      "revenue_growth": 35.779223609213155,
      "earnings_growth": 56.73312581940523
    },
    {
      "date": "2024-02-04",
      "quarter": "Q1 2024",
      "revenue": 22406750.8055964,
      "earnings": 2742809.9857074446,
      "eps_actual": 0.001234816536966399,
      "eps_estimate": 0.001252600905255671,
      "surprise_percent": -1.4197952607771729,
      "price_on_date": 0.09938093136497658,
      "revenue_growth": 53.20557314779648,
      "earnings_growth": 41.56743751813466
    },
    {
      "date": "2023-11-06",
      "quarter": "Q4 2023",
      "revenue": 21286413.265316576,
      "earnings": 2605669.4864220717,
      "eps_actual": 0.0011730757101180787,
      "eps_estimate": 0.0011346908161602018,
      "surprise_percent": 3.3828505008766685,
      "price_on_date": 0.09143750480860154,
      "revenue_growth": 46.23677056178522,
      "earnings_growth": 46.21768629884359
    }
  ],
  "metrics": {
    "revenue_trend": [
      {
        "date": "2025-07-28",
        "value": 30481564.402166683
      },
      {
        "date": "2025-04-29",
        "value": 28957486.18205835
      },
      {
        "date": "2025-01-29",
        "value": 27509611.87295543
      },
      {
        "date": "2024-10-31",
        "value": 26134131.279307656
      },
      {
        "date": "2024-08-02",
        "value": 24827424.715342272
      },
      {
        "date": "2024-05-04",
        "value": 23586053.479575157
      },
      {
        "date": "2024-02-04",
        "value": 22406750.8055964
      },
      {
        "date": "2023-11-06",
        "value": 21286413.265316576
      }
    ],
    "eps_trend": [
      {
        "date": "2025-07-28",
        "value": 0.0016798124870028377
      },
      {
        "date": "2025-04-29",
        "value": 0.001595821862652696
      },
      {
        "date": "2025-01-29",
        "value": 0.0015160307695200612
      },
      {
        "date": "2024-10-31",
        "value": 0.0014402292310440577
      },
      {
        "date": "2024-08-02",
        "value": 0.001368217769491855
      },
      {
        "date": "2024-05-04",
        "value": 0.001299806881017262
      },
      {
        "date": "2024-02-04",
        "value": 0.001234816536966399
      },
      {
        "date": "2023-11-06",
        "value": 0.0011730757101180787
      }
    ],
    "earnings_dates": [
      "2025-07-28",
      "2025-04-29",
      "2025-01-29",
      "2024-10-31",
      "2024-08-02",
      "2024-05-04",
      "2024-02-04",
      "2023-11-06"
    ]
  },
  "analysis": {
    "avg_revenue_growth": 43.20472129967192,
    "avg_earnings_surprise": -1.3738549490553158,
    "consistency_score": 95,
    "trend_direction": "growing"
  }
}