{
  "ticker": "DOW",
  "quarters": [
    {
      "date": "2025-07-28",
      "quarter": "Q3 2025",
      "revenue": 80124071.51642045,
      "earnings": 7789702.700309093,
      "eps_actual": 0.002556292625985198,
      "eps_estimate": 0.002465011400718311,
      "surprise_percent": 3.703075176053445,
      "price_on_date": 0.5361626754975765,
      "revenue_growth": 18.690712784547568,
      "earnings_growth": 22.344658661255114
    },
    {
      "date": "2025-04-29",
      "quarter": "Q2 2025",
      "revenue": 76117867.94059943,
      "earnings": 7400217.565293638,
      "eps_actual": 0.0024284779946859383,
      "eps_estimate": 0.0023142480749648794,
      "surprise_percent": 4.935941006358722,
      "price_on_date": 0.5303778920705347,
      "revenue_growth": 19.10242714968519,
      "earnings_growth": 14.06310776261787
    },
    {
      "date": "2025-01-29",
      "quarter": "Q1 2025",
      "revenue": 72311974.54356946,
      "earnings": 7030206.687028957,
      "eps_actual": 0.0023070540949516414,
      "eps_estimate": 0.0023496185685780552,
      "surprise_percent": -1.8115482315145752,
      "price_on_date": 0.4858904197979455,
      "revenue_growth": 21.00714886125602,
      "earnings_growth": 22.008333344938748
    },
    {
      "date": "2024-10-31",
      "quarter": "Q4 2024",
      "revenue": 68696375.81639098,
      "earnings": 6678696.352677508,
      "eps_actual": 0.002191701390204059,
      "eps_estimate": 0.0021118626740988305,
      "surprise_percent": 3.7804880537176575,
      "price_on_date": 0.46549460571886875,
      "revenue_growth": 19.764888027975868,
      "earnings_growth": 20.565015383352517
    },
    {
      "date": "2024-08-02",
      "quarter": "Q3 2024",
      "revenue": 65261557.02557143,
      "earnings": 6344761.535043633,
      "eps_actual": 0.002082116320693856,
      "eps_estimate": 0.001981204800794629,
      "surprise_percent": 5.0934421246482655,
      "price_on_date": 0.48488025955949954,
      "revenue_growth": 17.256212695472733,
      "earnings_growth": 13.51988367930471
    },
    {
      "date": "2024-05-04",
      "quarter": "Q2 2024",
      "revenue": 61998479.17429285,
      "earnings": 6027523.4582914505,
      "eps_actual": 0.001978010504659163,
      "eps_estimate": 0.001946087381882124,
      "surprise_percent": 1.6403745830860479,
      "price_on_date": 0.42512190504100345,
      "revenue_growth": 18.80471012789406,
      "earnings_growth": 15.856067475225412
    },
    {
      "date": "2024-02-04",
      "quarter": "Q1 2024",
      "revenue": 58898555.215578206,
      "earnings": 5726147.2853768775,
      "eps_actual": 0.001879109979426205,
      "eps_estimate": 0.0017963656566333478,
      "surprise_percent": 4.606207120878281,
      "price_on_date": 0.4103972066443473,
      "revenue_growth": 20.796936867645492,
      "earnings_growth": 16.454651387563395
    },
    {
      "date": "2023-11-06",
      "quarter": "Q4 2023",
      "revenue": 55953627.45479929,
      "earnings": 5439839.921108033,
      "eps_actual": 0.0017851544804548944,
      "eps_estimate": 0.0017557276440148398,
      "surprise_percent": 1.6760479075652008,
      "price_on_date": 0.39831369191389454,
      "revenue_growth": 18.39279411351666,
      "earnings_growth": 18.646735840922396
    }
  ],
  "metrics": {
    "revenue_trend": [
      {
        "date": "2025-07-28",
        "value": 80124071.51642045
      },
      {
        "date": "2025-04-29",
        "value": 76117867.94059943
      },
      {
        "date": "2025-01-29",
        "value": 72311974.54356946
      },
      {
        "date": "2024-10-31",
        "value": 68696375.81639098
      },
      {
        "date": "2024-08-02",
        "value": 65261557.02557143
      },
      {
        "date": "2024-05-04",
        "value": 61998479.17429285
      },
      {
        "date": "2024-02-04",
        "value": 58898555.215578206
      },
      {
        "date": "2023-11-06",
        "value": 55953627.45479929
      }
    ],
    "eps_trend": [
      {
        "date": "2025-07-28",
        "value": 0.002556292625985198
      },
      {
        "date": "2025-04-29",
        "value": 0.0024284779946859383
      },
      {
        "date": "2025-01-29",
        "value": 0.0023070540949516414
      },
      {
        "date": "2024-10-31",
        "value": 0.002191701390204059
      },
      {
        "date": "2024-08-02",
        "value": 0.002082116320693856
      },
      {
        "date": "2024-05-04",
        "value": 0.001978010504659163
      },
      {
        "date": "2024-02-04",
        "value": 0.001879109979426205
      },
      {
        "date": "2023-11-06",
        "value": 0.0017851544804548944
      }
    ],
    "earnings_dates": [
      "2025-07-28",
      "2025-04-29",
      "2025-01-29",
      "2024-10-31",
      "2024-08-02",
      "2024-05-04",
      "2024-02-04",
      "2023-11-06"
    ]
  },
  "analysis": {
    "avg_revenue_growth": 19.64129420586616,
    "avg_earnings_surprise": 2.6519890011538125,
    "consistency_score": 91,
    "trend_direction": "growing"
  }
}