{
  "ticker": "DPZ",
  "quarters": [
    {
      "date": "2025-07-28",
      "quarter": "Q3 2025",
      "revenue": 17447132.079843923,
      "earnings": 759264.4221212193,
      "eps_actual": 0.00019067802319832917,
      "eps_estimate": 0.00019223228817413543,
      "surprise_percent": -0.8085348151286205,
      "price_on_date": 0.31309009838265084,
      "revenue_growth": 13.409860943791376,
      "earnings_growth": 13.819062421377343
    },
    {
      "date": "2025-04-29",
      "quarter": "Q2 2025",
      "revenue": 16574775.475851726,
      "earnings": 721301.2010151583,
      "eps_actual": 0.0001811441220384127,
      "eps_estimate": 0.000179166362057351,
      "surprise_percent": 1.103867912676951,
      "price_on_date": 0.2727923918938886,
      "revenue_growth": 13.67625313628401,
      "earnings_growth": 12.837625575496844
    },
    {
      "date": "2025-01-29",
      "quarter": "Q1 2025",
      "revenue": 15746036.70205914,
      "earnings": 685236.1409644005,
      "eps_actual": 0.0001720869159364921,
      "eps_estimate": 0.00017207096503631326,
      "surprise_percent": 0.00926995450713137,
      "price_on_date": 0.23448098925561853,
      "revenue_growth": 15.957098834785135,
      "earnings_growth": 17.51466654042608
    },
    {
      "date": "2024-10-31",
      "quarter": "Q4 2024",
      "revenue": 14958734.866956182,
      "earnings": 650974.3339161804,
      "eps_actual": 0.00016348257013966747,
      "eps_estimate": 0.0001634831686361484,
      "surprise_percent": -0.00036609058040065084,
      "price_on_date": 0.25172551850796787,
      "revenue_growth": 12.819878139044903,
      "earnings_growth": 18.14829998526728
    },
    {
      "date": "2024-08-02",
      "quarter": "Q3 2024",
      "revenue": 14210798.123608373,
      "earnings": 618425.6172203714,
      "eps_actual": 0.0001553084416326841,
      "eps_estimate": 0.00015109154378560523,
      "surprise_percent": 2.7909555633785312,
      "price_on_date": 0.25546088004252493,
      "revenue_growth": 13.315896930573047,
      "earnings_growth": 12.771242543626887
    },
    {
      "date": "2024-05-04",
      "quarter": "Q2 2024",
      "revenue": 13500258.217427952,
      "earnings": 587504.3363593527,
      "eps_actual": 0.00014754301955104986,
      "eps_estimate": 0.0001423532633606862,
      "surprise_percent": 3.6456882461585556,
      "price_on_date": 0.23394176088848462,
      "revenue_growth": 13.747948517539434,
      "earnings_growth": 16.74899443239338
    },
    {
      "date": "2024-02-04",
      "quarter": "Q1 2024",
      "revenue": 12825245.306556555,
      "earnings": 558129.1195413851,
      "eps_actual": 0.00014016586857349737,
      "eps_estimate": 0.00013743028738390564,
      "surprise_percent": 1.9905227891650963,
      "price_on_date": 0.21937258032197762,
      "revenue_growth": 13.091950743310113,
      "earnings_growth": 12.828682325744378
    },
    {
      "date": "2023-11-06",
      "quarter": "Q4 2023",
      "revenue": 12183983.041228725,
      "earnings": 530222.6635643158,
      "eps_actual": 0.0001331575751448225,
      "eps_estimate": 0.0001291381702600463,
      "surprise_percent": 3.1124839980946732,
      "price_on_date": 0.1972690701660099,
      "revenue_growth": 15.247276715070452,
      "earnings_growth": 13.440951681450645
    }
  ],
  "metrics": {
    "revenue_trend": [
      {
        "date": "2025-07-28",
        "value": 17447132.079843923
      },
      {
        "date": "2025-04-29",
        "value": 16574775.475851726
      },
      {
        "date": "2025-01-29",
        "value": 15746036.70205914
      },
      {
        "date": "2024-10-31",
        "value": 14958734.866956182
      },
      {
        "date": "2024-08-02",
        "value": 14210798.123608373
      },
      {
        "date": "2024-05-04",
        "value": 13500258.217427952
      },
      {
        "date": "2024-02-04",
        "value": 12825245.306556555
      },
      {
        "date": "2023-11-06",
        "value": 12183983.041228725
      }
    ],
    "eps_trend": [
      {
        "date": "2025-07-28",
        "value": 0.00019067802319832917
      },
      {
        "date": "2025-04-29",
        "value": 0.0001811441220384127
      },
      {
        "date": "2025-01-29",
        "value": 0.0001720869159364921
      },
      {
        "date": "2024-10-31",
        "value": 0.00016348257013966747
      },
      {
        "date": "2024-08-02",
        "value": 0.0001553084416326841
      },
      {
        "date": "2024-05-04",
        "value": 0.00014754301955104986
      },
      {
        "date": "2024-02-04",
        "value": 0.00014016586857349737
      },
      {
        "date": "2023-11-06",
        "value": 0.0001331575751448225
      }
    ],
    "earnings_dates": [
      "2025-07-28",
      "2025-04-29",
      "2025-01-29",
      "2024-10-31",
      "2024-08-02",
      "2024-05-04",
      "2024-02-04",
      "2023-11-06"
    ]
  },
  "analysis": {
    "avg_revenue_growth": 13.965772763476355,
    "avg_earnings_surprise": 0.07605924036876532,
    "consistency_score": 78,
    "trend_direction": "growing"
  }
}