{
  "ticker": "DRI",
  "quarters": [
    {
      "date": "2025-07-28",
      "quarter": "Q3 2025",
      "revenue": 53006053.566827364,
      "earnings": 3305869.73865508,
      "eps_actual": 0.0009537139958242103,
      "eps_estimate": 0.0009452707549652281,
      "surprise_percent": 0.8932087250803366,
      "price_on_date": 0.39387824286876616,
      "revenue_growth": 40.87408847355307,
      "earnings_growth": 30.735906562128978
    },
    {
      "date": "2025-04-29",
      "quarter": "Q2 2025",
      "revenue": 50355750.88848599,
      "earnings": 3140576.2517223256,
      "eps_actual": 0.0009060282960329997,
      "eps_estimate": 0.0008658149044600361,
      "surprise_percent": 4.644571416571145,
      "price_on_date": 0.3424061397027603,
      "revenue_growth": 41.922421755747386,
      "earnings_growth": 32.61356484339876
    },
    {
      "date": "2025-01-29",
      "quarter": "Q1 2025",
      "revenue": 47837963.344061695,
      "earnings": 2983547.4391362094,
      "eps_actual": 0.0008607268812313497,
      "eps_estimate": 0.0008667284305462529,
      "surprise_percent": -0.6924371121783475,
      "price_on_date": 0.31944212261487437,
      "revenue_growth": 34.25261393983891,
      "earnings_growth": 43.37916144321683
    },
    {
      "date": "2024-10-31",
      "quarter": "Q4 2024",
      "revenue": 45446065.176858604,
      "earnings": 2834370.0671793986,
      "eps_actual": 0.0008176905371697821,
      "eps_estimate": 0.0008289251786898282,
      "surprise_percent": -1.3553263682740608,
      "price_on_date": 0.32846240910167407,
      "revenue_growth": 41.436530692860465,
      "earnings_growth": 42.24210875336324
    },
    {
      "date": "2024-08-02",
      "quarter": "Q3 2024",
      "revenue": 43173761.918015674,
      "earnings": 2692651.5638204287,
      "eps_actual": 0.0007768060103112931,
      "eps_estimate": 0.0007406481429070804,
      "surprise_percent": 4.881922374407269,
      "price_on_date": 0.31212012239439524,
      "revenue_growth": 37.08110027472898,
      "earnings_growth": 47.975388716177854
    },
    {
      "date": "2024-05-04",
      "quarter": "Q2 2024",
      "revenue": 41015073.822114885,
      "earnings": 2558018.985629407,
      "eps_actual": 0.0007379657097957284,
      "eps_estimate": 0.0007494671378584221,
      "surprise_percent": -1.5346140586708938,
      "price_on_date": 0.3258226372060064,
      "revenue_growth": 43.05369204388022,
      "earnings_growth": 45.343175189805784
    },
    {
      "date": "2024-02-04",
      "quarter": "Q1 2024",
      "revenue": 38964320.13100914,
      "earnings": 2430118.0363479364,
      "eps_actual": 0.0007010674243059418,
      "eps_estimate": 0.0006999217295700061,
      "surprise_percent": 0.1636889794291066,
      "price_on_date": 0.3086000750091905,
      "revenue_growth": 47.78322148642438,
      "earnings_growth": 44.94079808081633
    },
    {
      "date": "2023-11-06",
      "quarter": "Q4 2023",
      "revenue": 37016104.12445868,
      "earnings": 2308612.1345305396,
      "eps_actual": 0.0006660140530906448,
      "eps_estimate": 0.0006472589668488313,
      "surprise_percent": 2.8976170593854054,
      "price_on_date": 0.2712255594166976,
      "revenue_growth": 43.122814272472006,
      "earnings_growth": 40.771236557419854
    }
  ],
  "metrics": {
    "revenue_trend": [
      {
        "date": "2025-07-28",
        "value": 53006053.566827364
      },
      {
        "date": "2025-04-29",
        "value": 50355750.88848599
      },
      {
        "date": "2025-01-29",
        "value": 47837963.344061695
      },
      {
        "date": "2024-10-31",
        "value": 45446065.176858604
      },
      {
        "date": "2024-08-02",
        "value": 43173761.918015674
      },
      {
        "date": "2024-05-04",
        "value": 41015073.822114885
      },
      {
        "date": "2024-02-04",
        "value": 38964320.13100914
      },
      {
        "date": "2023-11-06",
        "value": 37016104.12445868
      }
    ],
    "eps_trend": [
      {
        "date": "2025-07-28",
        "value": 0.0009537139958242103
      },
      {
        "date": "2025-04-29",
        "value": 0.0009060282960329997
      },
      {
        "date": "2025-01-29",
        "value": 0.0008607268812313497
      },
      {
        "date": "2024-10-31",
        "value": 0.0008176905371697821
      },
      {
        "date": "2024-08-02",
        "value": 0.0007768060103112931
      },
      {
        "date": "2024-05-04",
        "value": 0.0007379657097957284
      },
      {
        "date": "2024-02-04",
        "value": 0.0007010674243059418
      },
      {
        "date": "2023-11-06",
        "value": 0.0006660140530906448
      }
    ],
    "earnings_dates": [
      "2025-07-28",
      "2025-04-29",
      "2025-01-29",
      "2024-10-31",
      "2024-08-02",
      "2024-05-04",
      "2024-02-04",
      "2023-11-06"
    ]
  },
  "analysis": {
    "avg_revenue_growth": 39.621413715499955,
    "avg_earnings_surprise": 0.8725041652997683,
    "consistency_score": 84,
    "trend_direction": "growing"
  }
}