{
  "ticker": "DTE",
  "quarters": [
    {
      "date": "2025-07-28",
      "quarter": "Q3 2025",
      "revenue": 106553333.38858004,
      "earnings": 2662998.2738254317,
      "eps_actual": 0.000580639180174774,
      "eps_estimate": 0.0005776830519375996,
      "surprise_percent": 0.5117214755148639,
      "price_on_date": 0.08948144704115378,
      "revenue_growth": 45.52829585254632,
      "earnings_growth": 34.785671192660786
    },
    {
      "date": "2025-04-29",
      "quarter": "Q2 2025",
      "revenue": 101225666.71915103,
      "earnings": 2529848.36013416,
      "eps_actual": 0.0005516072211660353,
      "eps_estimate": 0.0005422054878765173,
      "surprise_percent": 1.7339797364166787,
      "price_on_date": 0.09103261625990863,
      "revenue_growth": 43.94460024532271,
      "earnings_growth": 35.58211155287862
    },
    {
      "date": "2025-01-29",
      "quarter": "Q1 2025",
      "revenue": 96164383.38319348,
      "earnings": 2403355.9421274518,
      "eps_actual": 0.0005240268601077334,
      "eps_estimate": 0.0005292118790536742,
      "surprise_percent": -0.9797623884052791,
      "price_on_date": 0.09229271806737496,
      "revenue_growth": 44.32438200535587,
      "earnings_growth": 38.90884892526278
    },
    {
      "date": "2024-10-31",
      "quarter": "Q4 2024",
      "revenue": 91356164.2140338,
      "earnings": 2283188.145021079,
      "eps_actual": 0.0004978255171023468,
      "eps_estimate": 0.0004775726840994032,
      "surprise_percent": 4.240785471458846,
      "price_on_date": 0.08683373454718406,
      "revenue_growth": 39.234085955338436,
      "earnings_growth": 40.481395538872704
    },
    {
      "date": "2024-08-02",
      "quarter": "Q3 2024",
      "revenue": 86788356.00333211,
      "earnings": 2169028.737770025,
      "eps_actual": 0.00047293424124722944,
      "eps_estimate": 0.0004623860124343506,
      "surprise_percent": 2.2812603602226114,
      "price_on_date": 0.07144527458807766,
      "revenue_growth": 38.8393990115555,
      "earnings_growth": 36.0289033604083
    },
    {
      "date": "2024-05-04",
      "quarter": "Q2 2024",
      "revenue": 82448938.20316549,
      "earnings": 2060577.3008815234,
      "eps_actual": 0.00044928752918486784,
      "eps_estimate": 0.0004556661732110661,
      "surprise_percent": -1.3998502415152227,
      "price_on_date": 0.0762540495068701,
      "revenue_growth": 53.556271649197505,
      "earnings_growth": 50.367779207575694
    },
    {
      "date": "2024-02-04",
      "quarter": "Q1 2024",
      "revenue": 78326491.29300722,
      "earnings": 1957548.4358374476,
      "eps_actual": 0.0004268231527256245,
      "eps_estimate": 0.00040566170303966476,
      "surprise_percent": 5.21652636356719,
      "price_on_date": 0.07603206148712943,
      "revenue_growth": 54.233638142132534,
      "earnings_growth": 55.024306910490516
    },
    {
      "date": "2023-11-06",
      "quarter": "Q4 2023",
      "revenue": 74410166.72835685,
      "earnings": 1859671.014045575,
      "eps_actual": 0.00040548199508934324,
      "eps_estimate": 0.0004096069253703116,
      "surprise_percent": -1.0070460301029194,
      "price_on_date": 0.06265746525367992,
      "revenue_growth": 42.365934390114965,
      "earnings_growth": 55.02760159795903
    }
  ],
  "metrics": {
    "revenue_trend": [
      {
        "date": "2025-07-28",
        "value": 106553333.38858004
      },
      {
        "date": "2025-04-29",
        "value": 101225666.71915103
      },
      {
        "date": "2025-01-29",
        "value": 96164383.38319348
      },
      {
        "date": "2024-10-31",
        "value": 91356164.2140338
      },
      {
        "date": "2024-08-02",
        "value": 86788356.00333211
      },
      {
        "date": "2024-05-04",
        "value": 82448938.20316549
      },
      {
        "date": "2024-02-04",
        "value": 78326491.29300722
      },
      {
        "date": "2023-11-06",
        "value": 74410166.72835685
      }
    ],
    "eps_trend": [
      {
        "date": "2025-07-28",
        "value": 0.000580639180174774
      },
      {
        "date": "2025-04-29",
        "value": 0.0005516072211660353
      },
      {
        "date": "2025-01-29",
        "value": 0.0005240268601077334
      },
      {
        "date": "2024-10-31",
        "value": 0.0004978255171023468
      },
      {
        "date": "2024-08-02",
        "value": 0.00047293424124722944
      },
      {
        "date": "2024-05-04",
        "value": 0.00044928752918486784
      },
      {
        "date": "2024-02-04",
        "value": 0.0004268231527256245
      },
      {
        "date": "2023-11-06",
        "value": 0.00040548199508934324
      }
    ],
    "earnings_dates": [
      "2025-07-28",
      "2025-04-29",
      "2025-01-29",
      "2024-10-31",
      "2024-08-02",
      "2024-05-04",
      "2024-02-04",
      "2023-11-06"
    ]
  },
  "analysis": {
    "avg_revenue_growth": 43.25784101464084,
    "avg_earnings_surprise": 1.3766810737462774,
    "consistency_score": 89,
    "trend_direction": "growing"
  }
}