{
  "ticker": "DUK",
  "quarters": [
    {
      "date": "2025-07-28",
      "quarter": "Q3 2025",
      "revenue": 95756065.65971415,
      "earnings": 9159361.488427997,
      "eps_actual": 0.0018646865332194347,
      "eps_estimate": 0.0018630606015476463,
      "surprise_percent": 0.08727207641220974,
      "price_on_date": 0.34135741732914576,
      "revenue_growth": 32.086866265633155,
      "earnings_growth": 29.96628420869665
    },
    {
      "date": "2025-04-29",
      "quarter": "Q2 2025",
      "revenue": 90968262.37672843,
      "earnings": 8701393.414006596,
      "eps_actual": 0.001771452206558463,
      "eps_estimate": 0.00176771154312188,
      "surprise_percent": 0.2116105114059896,
      "price_on_date": 0.3537693812951753,
      "revenue_growth": 26.36038129797306,
      "earnings_growth": 27.42688797742117
    },
    {
      "date": "2025-01-29",
      "quarter": "Q1 2025",
      "revenue": 86419849.25789201,
      "earnings": 8266323.743306267,
      "eps_actual": 0.00168287959623054,
      "eps_estimate": 0.001710258891263446,
      "surprise_percent": -1.600885992920035,
      "price_on_date": 0.3336029875660407,
      "revenue_growth": 30.31082940271278,
      "earnings_growth": 27.897769039156252
    },
    {
      "date": "2024-10-31",
      "quarter": "Q4 2024",
      "revenue": 82098856.79499741,
      "earnings": 7853007.556140953,
      "eps_actual": 0.0015987356164190126,
      "eps_estimate": 0.0015538289006241822,
      "surprise_percent": 2.8900682550563435,
      "price_on_date": 0.31539761037505093,
      "revenue_growth": 23.647902754795993,
      "earnings_growth": 20.45730274659295
    },
    {
      "date": "2024-08-02",
      "quarter": "Q3 2024",
      "revenue": 77993913.95524754,
      "earnings": 7460357.1783339055,
      "eps_actual": 0.0015187988355980621,
      "eps_estimate": 0.0014768313193256055,
      "surprise_percent": 2.8417271304634206,
      "price_on_date": 0.2929078560035388,
      "revenue_growth": 23.153951677976977,
      "earnings_growth": 32.985528394638266
    },
    {
      "date": "2024-05-04",
      "quarter": "Q2 2024",
      "revenue": 74094218.25748515,
      "earnings": 7087339.319417209,
      "eps_actual": 0.0014428588938181588,
      "eps_estimate": 0.001419612994971568,
      "surprise_percent": 1.6374814071814225,
      "price_on_date": 0.2797512753938651,
      "revenue_growth": 31.054951067730997,
      "earnings_growth": 21.430071778399974
    },
    {
      "date": "2024-02-04",
      "quarter": "Q1 2024",
      "revenue": 70389507.34461088,
      "earnings": 6732972.353446348,
      "eps_actual": 0.0013707159491272507,
      "eps_estimate": 0.001309221723041313,
      "surprise_percent": 4.697006244525726,
      "price_on_date": 0.2455360474563941,
      "revenue_growth": 26.54992727529031,
      "earnings_growth": 23.913238284328934
    },
    {
      "date": "2023-11-06",
      "quarter": "Q4 2023",
      "revenue": 66870031.977380335,
      "earnings": 6396323.73577403,
      "eps_actual": 0.001302180151670888,
      "eps_estimate": 0.0012376692134506045,
      "surprise_percent": 5.21229238953339,
      "price_on_date": 0.23296993420875126,
      "revenue_growth": 30.567606029010964,
      "earnings_growth": 22.43396109532049
    }
  ],
  "metrics": {
    "revenue_trend": [
      {
        "date": "2025-07-28",
        "value": 95756065.65971415
      },
      {
        "date": "2025-04-29",
        "value": 90968262.37672843
      },
      {
        "date": "2025-01-29",
        "value": 86419849.25789201
      },
      {
        "date": "2024-10-31",
        "value": 82098856.79499741
      },
      {
        "date": "2024-08-02",
        "value": 77993913.95524754
      },
      {
        "date": "2024-05-04",
        "value": 74094218.25748515
      },
      {
        "date": "2024-02-04",
        "value": 70389507.34461088
      },
      {
        "date": "2023-11-06",
        "value": 66870031.977380335
      }
    ],
    "eps_trend": [
      {
        "date": "2025-07-28",
        "value": 0.0018646865332194347
      },
      {
        "date": "2025-04-29",
        "value": 0.001771452206558463
      },
      {
        "date": "2025-01-29",
        "value": 0.00168287959623054
      },
      {
        "date": "2024-10-31",
        "value": 0.0015987356164190126
      },
      {
        "date": "2024-08-02",
        "value": 0.0015187988355980621
      },
      {
        "date": "2024-05-04",
        "value": 0.0014428588938181588
      },
      {
        "date": "2024-02-04",
        "value": 0.0013707159491272507
      },
      {
        "date": "2023-11-06",
        "value": 0.001302180151670888
      }
    ],
    "earnings_dates": [
      "2025-07-28",
      "2025-04-29",
      "2025-01-29",
      "2024-10-31",
      "2024-08-02",
      "2024-05-04",
      "2024-02-04",
      "2023-11-06"
    ]
  },
  "analysis": {
    "avg_revenue_growth": 28.101494930278747,
    "avg_earnings_surprise": 0.39701621248862695,
    "consistency_score": 95,
    "trend_direction": "growing"
  }
}