{
  "ticker": "DVA",
  "quarters": [
    {
      "date": "2025-07-28",
      "quarter": "Q3 2025",
      "revenue": 57665530.994959764,
      "earnings": 3691861.8816217138,
      "eps_actual": 0.000889697063686971,
      "eps_estimate": 0.0008835538400844774,
      "surprise_percent": 0.6952857113841835,
      "price_on_date": 0.33819566327714823,
      "revenue_growth": 29.01828960174621,
      "earnings_growth": 34.42035168077382
    },
    {
      "date": "2025-04-29",
      "quarter": "Q2 2025",
      "revenue": 54782254.445211776,
      "earnings": 3507268.787540628,
      "eps_actual": 0.0008452122105026225,
      "eps_estimate": 0.0008385228190576611,
      "surprise_percent": 0.7977590225247589,
      "price_on_date": 0.3222994073705905,
      "revenue_growth": 27.282443119145,
      "earnings_growth": 21.918802167493528
    },
    {
      "date": "2025-01-29",
      "quarter": "Q1 2025",
      "revenue": 52043141.72295119,
      "earnings": 3331905.348163597,
      "eps_actual": 0.0008029515999774914,
      "eps_estimate": 0.000768425302988349,
      "surprise_percent": 4.493123385561637,
      "price_on_date": 0.26713880541222507,
      "revenue_growth": 29.442292829684423,
      "earnings_growth": 23.23347535177349
    },
    {
      "date": "2024-10-31",
      "quarter": "Q4 2024",
      "revenue": 49440984.63680362,
      "earnings": 3165310.0807554163,
      "eps_actual": 0.0007628040199786167,
      "eps_estimate": 0.0007671547644949642,
      "surprise_percent": -0.5671273539194819,
      "price_on_date": 0.27624885285740186,
      "revenue_growth": 33.719102899187206,
      "earnings_growth": 29.16994975216322
    },
    {
      "date": "2024-08-02",
      "quarter": "Q3 2024",
      "revenue": 46968935.40496344,
      "earnings": 3007044.576717646,
      "eps_actual": 0.0007246638189796859,
      "eps_estimate": 0.0007006734476345098,
      "surprise_percent": 3.4239018798511816,
      "price_on_date": 0.2396418737762083,
      "revenue_growth": 27.965016629285444,
      "earnings_growth": 23.555169259045794
    },
    {
      "date": "2024-05-04",
      "quarter": "Q2 2024",
      "revenue": 44620488.63471526,
      "earnings": 2856692.347881763,
      "eps_actual": 0.0006884306280307014,
      "eps_estimate": 0.0006653088136645485,
      "surprise_percent": 3.475350677950142,
      "price_on_date": 0.2280699044632754,
      "revenue_growth": 31.073941431026775,
      "earnings_growth": 36.9006395921848
    },
    {
      "date": "2024-02-04",
      "quarter": "Q1 2024",
      "revenue": 42389464.2029795,
      "earnings": 2713857.730487675,
      "eps_actual": 0.0006540090966291665,
      "eps_estimate": 0.0006555553584355559,
      "surprise_percent": -0.23587051596672348,
      "price_on_date": 0.23981230195319947,
      "revenue_growth": 30.45547337997988,
      "earnings_growth": 26.958280659114397
    },
    {
      "date": "2023-11-06",
      "quarter": "Q4 2023",
      "revenue": 40269990.99283052,
      "earnings": 2578164.843963291,
      "eps_actual": 0.0006213086417977081,
      "eps_estimate": 0.0006143799707933487,
      "surprise_percent": 1.1277501438421587,
      "price_on_date": 0.22154287622329796,
      "revenue_growth": 28.32878764770272,
      "earnings_growth": 38.7683149520367
    }
  ],
  "metrics": {
    "revenue_trend": [
      {
        "date": "2025-07-28",
        "value": 57665530.994959764
      },
      {
        "date": "2025-04-29",
        "value": 54782254.445211776
      },
      {
        "date": "2025-01-29",
        "value": 52043141.72295119
      },
      {
        "date": "2024-10-31",
        "value": 49440984.63680362
      },
      {
        "date": "2024-08-02",
        "value": 46968935.40496344
      },
      {
        "date": "2024-05-04",
        "value": 44620488.63471526
      },
      {
        "date": "2024-02-04",
        "value": 42389464.2029795
      },
      {
        "date": "2023-11-06",
        "value": 40269990.99283052
      }
    ],
    "eps_trend": [
      {
        "date": "2025-07-28",
        "value": 0.000889697063686971
      },
      {
        "date": "2025-04-29",
        "value": 0.0008452122105026225
      },
      {
        "date": "2025-01-29",
        "value": 0.0008029515999774914
      },
      {
        "date": "2024-10-31",
        "value": 0.0007628040199786167
      },
      {
        "date": "2024-08-02",
        "value": 0.0007246638189796859
      },
      {
        "date": "2024-05-04",
        "value": 0.0006884306280307014
      },
      {
        "date": "2024-02-04",
        "value": 0.0006540090966291665
      },
      {
        "date": "2023-11-06",
        "value": 0.0006213086417977081
      }
    ],
    "earnings_dates": [
      "2025-07-28",
      "2025-04-29",
      "2025-01-29",
      "2024-10-31",
      "2024-08-02",
      "2024-05-04",
      "2024-02-04",
      "2023-11-06"
    ]
  },
  "analysis": {
    "avg_revenue_growth": 29.86553211244071,
    "avg_earnings_surprise": 1.3547601913877743,
    "consistency_score": 75,
    "trend_direction": "growing"
  }
}