{
  "ticker": "DVN",
  "quarters": [
    {
      "date": "2025-07-28",
      "quarter": "Q3 2025",
      "revenue": 2025778872.9839516,
      "earnings": 99048014.96847433,
      "eps_actual": 0.026417446160560007,
      "eps_estimate": 0.025212141578010674,
      "surprise_percent": 4.780651333485155,
      "price_on_date": 15.671027965639853,
      "revenue_growth": -15.711674122320867,
      "earnings_growth": -14.310802027387911
    },
    {
      "date": "2025-04-29",
      "quarter": "Q2 2025",
      "revenue": 1924489929.334754,
      "earnings": 94095614.22005062,
      "eps_actual": 0.02509657385253201,
      "eps_estimate": 0.024604121288223885,
      "surprise_percent": 2.001504376194995,
      "price_on_date": 13.739479401412728,
      "revenue_growth": -20.720250427054545,
      "earnings_growth": -15.768832978242562
    },
    {
      "date": "2025-01-29",
      "quarter": "Q1 2025",
      "revenue": 1828265432.8680162,
      "earnings": 89390833.50904807,
      "eps_actual": 0.023841745159905406,
      "eps_estimate": 0.024083535666864758,
      "surprise_percent": -1.0039659886484948,
      "price_on_date": 12.929042162474744,
      "revenue_growth": -17.398690417895587,
      "earnings_growth": -14.745543023995925
    },
    {
      "date": "2024-10-31",
      "quarter": "Q4 2024",
      "revenue": 1736852161.2246153,
      "earnings": 84921291.83359568,
      "eps_actual": 0.022649657901910137,
      "eps_estimate": 0.0224044076911891,
      "surprise_percent": 1.0946516154385346,
      "price_on_date": 14.451488011952627,
      "revenue_growth": -16.710999917557515,
      "earnings_growth": -20.45822283802735
    },
    {
      "date": "2024-08-02",
      "quarter": "Q3 2024",
      "revenue": 1650009553.1633844,
      "earnings": 80675227.24191588,
      "eps_actual": 0.021517175006814628,
      "eps_estimate": 0.0204897368404229,
      "surprise_percent": 5.0144039154507904,
      "price_on_date": 11.64337355088883,
      "revenue_growth": -16.53030462695688,
      "earnings_growth": -15.191513657439774
    },
    {
      "date": "2024-05-04",
      "quarter": "Q2 2024",
      "revenue": 1567509075.505215,
      "earnings": 76641465.87982008,
      "eps_actual": 0.020441316256473892,
      "eps_estimate": 0.01978575316770735,
      "surprise_percent": 3.313308738918748,
      "price_on_date": 11.025057940582531,
      "revenue_growth": -17.891026056569864,
      "earnings_growth": -21.77369853704072
    },
    {
      "date": "2024-02-04",
      "quarter": "Q1 2024",
      "revenue": 1489133621.7299542,
      "earnings": 72809392.58582908,
      "eps_actual": 0.0194192504436502,
      "eps_estimate": 0.01930104949411274,
      "surprise_percent": 0.6124068516248917,
      "price_on_date": 12.237799561416615,
      "revenue_growth": -17.510670801017607,
      "earnings_growth": -20.261447408534924
    },
    {
      "date": "2023-11-06",
      "quarter": "Q4 2023",
      "revenue": 1414676940.6434565,
      "earnings": 69168922.95653762,
      "eps_actual": 0.018448287921467688,
      "eps_estimate": 0.01844321956236821,
      "surprise_percent": 0.027480880343786776,
      "price_on_date": 11.62775035874069,
      "revenue_growth": -14.862847351926069,
      "earnings_growth": -21.769541323018224
    }
  ],
  "metrics": {
    "revenue_trend": [
      {
        "date": "2025-07-28",
        "value": 2025778872.9839516
      },
      {
        "date": "2025-04-29",
        "value": 1924489929.334754
      },
      {
        "date": "2025-01-29",
        "value": 1828265432.8680162
      },
      {
        "date": "2024-10-31",
        "value": 1736852161.2246153
      },
      {
        "date": "2024-08-02",
        "value": 1650009553.1633844
      },
      {
        "date": "2024-05-04",
        "value": 1567509075.505215
      },
      {
        "date": "2024-02-04",
        "value": 1489133621.7299542
      },
      {
        "date": "2023-11-06",
        "value": 1414676940.6434565
      }
    ],
    "eps_trend": [
      {
        "date": "2025-07-28",
        "value": 0.026417446160560007
      },
      {
        "date": "2025-04-29",
        "value": 0.02509657385253201
      },
      {
        "date": "2025-01-29",
        "value": 0.023841745159905406
      },
      {
        "date": "2024-10-31",
        "value": 0.022649657901910137
      },
      {
        "date": "2024-08-02",
        "value": 0.021517175006814628
      },
      {
        "date": "2024-05-04",
        "value": 0.020441316256473892
      },
      {
        "date": "2024-02-04",
        "value": 0.0194192504436502
      },
      {
        "date": "2023-11-06",
        "value": 0.018448287921467688
      }
    ],
    "earnings_dates": [
      "2025-07-28",
      "2025-04-29",
      "2025-01-29",
      "2024-10-31",
      "2024-08-02",
      "2024-05-04",
      "2024-02-04",
      "2023-11-06"
    ]
  },
  "analysis": {
    "avg_revenue_growth": -17.635403721207126,
    "avg_earnings_surprise": 1.7182103341175474,
    "consistency_score": 66,
    "trend_direction": "declining"
  }
}