{
  "ticker": "DXCM",
  "quarters": [
    {
      "date": "2025-07-28",
      "quarter": "Q3 2025",
      "revenue": 224215886.2581938,
      "earnings": 3511110.866425221,
      "eps_actual": 0.0032190711064161407,
      "eps_estimate": 0.003109647168926501,
      "surprise_percent": 3.5188537974041143,
      "price_on_date": 39.78627743286807,
      "revenue_growth": -1.3074116122525243,
      "earnings_growth": -1.6097494702910513
    },
    {
      "date": "2025-04-29",
      "quarter": "Q2 2025",
      "revenue": 213005091.9452841,
      "earnings": 3335555.3231039597,
      "eps_actual": 0.003058117551095334,
      "eps_estimate": 0.0030688267654250113,
      "surprise_percent": -0.3489677048679663,
      "price_on_date": 39.05108750281706,
      "revenue_growth": -1.2282556457541454,
      "earnings_growth": -1.3429621313466873
    },
    {
      "date": "2025-01-29",
      "quarter": "Q1 2025",
      "revenue": 202354837.3480199,
      "earnings": 3168777.556948762,
      "eps_actual": 0.002905211673540567,
      "eps_estimate": 0.0028694333061796288,
      "surprise_percent": 1.246879210744707,
      "price_on_date": 38.35418934756072,
      "revenue_growth": -1.425845755413426,
      "earnings_growth": -1.0821989574904196
    },
    {
      "date": "2024-10-31",
      "quarter": "Q4 2024",
      "revenue": 192237095.48061886,
      "earnings": 3010338.6791013232,
      "eps_actual": 0.002759951089863538,
      "eps_estimate": 0.0028115076683372115,
      "surprise_percent": -1.8337697974042908,
      "price_on_date": 35.16807499697193,
      "revenue_growth": -1.1730095992059437,
      "earnings_growth": -1.3157187585993562
    },
    {
      "date": "2024-08-02",
      "quarter": "Q3 2024",
      "revenue": 182625240.70658794,
      "earnings": 2859821.7451462573,
      "eps_actual": 0.0026219535353703615,
      "eps_estimate": 0.0025910534777348225,
      "surprise_percent": 1.1925673437876256,
      "price_on_date": 35.224284983466966,
      "revenue_growth": -1.4747663939914486,
      "earnings_growth": -0.982942780505401
    },
    {
      "date": "2024-05-04",
      "quarter": "Q2 2024",
      "revenue": 173493978.6712585,
      "earnings": 2716830.657888944,
      "eps_actual": 0.002490855858601843,
      "eps_estimate": 0.0024855395294576038,
      "surprise_percent": 0.21389034779902863,
      "price_on_date": 28.761029189672396,
      "revenue_growth": -1.5157118594070398,
      "earnings_growth": -1.0702768673431322
    },
    {
      "date": "2024-02-04",
      "quarter": "Q1 2024",
      "revenue": 164819279.73769557,
      "earnings": 2580989.124994497,
      "eps_actual": 0.002366313065671751,
      "eps_estimate": 0.002297711116359463,
      "surprise_percent": 2.9856646827292397,
      "price_on_date": 29.270187969392918,
      "revenue_growth": -1.407286526910861,
      "earnings_growth": -0.9617334932996022
    },
    {
      "date": "2023-11-06",
      "quarter": "Q4 2023",
      "revenue": 156578315.7508108,
      "earnings": 2451939.6687447717,
      "eps_actual": 0.0022479974123881634,
      "eps_estimate": 0.002241322961623283,
      "surprise_percent": 0.29779067448834834,
      "price_on_date": 27.418502053735384,
      "revenue_growth": -1.1773190021457862,
      "earnings_growth": -1.281038999746665
    }
  ],
  "metrics": {
    "revenue_trend": [
      {
        "date": "2025-07-28",
        "value": 224215886.2581938
      },
      {
        "date": "2025-04-29",
        "value": 213005091.9452841
      },
      {
        "date": "2025-01-29",
        "value": 202354837.3480199
      },
      {
        "date": "2024-10-31",
        "value": 192237095.48061886
      },
      {
        "date": "2024-08-02",
        "value": 182625240.70658794
      },
      {
        "date": "2024-05-04",
        "value": 173493978.6712585
      },
      {
        "date": "2024-02-04",
        "value": 164819279.73769557
      },
      {
        "date": "2023-11-06",
        "value": 156578315.7508108
      }
    ],
    "eps_trend": [
      {
        "date": "2025-07-28",
        "value": 0.0032190711064161407
      },
      {
        "date": "2025-04-29",
        "value": 0.003058117551095334
      },
      {
        "date": "2025-01-29",
        "value": 0.002905211673540567
      },
      {
        "date": "2024-10-31",
        "value": 0.002759951089863538
      },
      {
        "date": "2024-08-02",
        "value": 0.0026219535353703615
      },
      {
        "date": "2024-05-04",
        "value": 0.002490855858601843
      },
      {
        "date": "2024-02-04",
        "value": 0.002366313065671751
      },
      {
        "date": "2023-11-06",
        "value": 0.0022479974123881634
      }
    ],
    "earnings_dates": [
      "2025-07-28",
      "2025-04-29",
      "2025-01-29",
      "2024-10-31",
      "2024-08-02",
      "2024-05-04",
      "2024-02-04",
      "2023-11-06"
    ]
  },
  "analysis": {
    "avg_revenue_growth": -1.2836306531565098,
    "avg_earnings_surprise": 0.6457488764691411,
    "consistency_score": 80,
    "trend_direction": "stable"
  }
}