{
  "ticker": "EA",
  "quarters": [
    {
      "date": "2025-07-28",
      "quarter": "Q3 2025",
      "revenue": 52322055.75598471,
      "earnings": 7267993.516866404,
      "eps_actual": 0.001496316450860689,
      "eps_estimate": 0.001431037727861585,
      "surprise_percent": 4.561635359303254,
      "price_on_date": 0.3033864512596192,
      "revenue_growth": 12.537761628923155,
      "earnings_growth": 14.144910097778086
    },
    {
      "date": "2025-04-29",
      "quarter": "Q2 2025",
      "revenue": 49705952.96818547,
      "earnings": 6904593.841023083,
      "eps_actual": 0.0014215006283176544,
      "eps_estimate": 0.0013873961985403035,
      "surprise_percent": 2.458160820480309,
      "price_on_date": 0.3152145128347832,
      "revenue_growth": 10.720354318918673,
      "earnings_growth": 11.638318516952763
    },
    {
      "date": "2025-01-29",
      "quarter": "Q1 2025",
      "revenue": 47220655.3197762,
      "earnings": 6559364.148971929,
      "eps_actual": 0.0013504255969017719,
      "eps_estimate": 0.0013361669160746035,
      "surprise_percent": 1.067133204364734,
      "price_on_date": 0.27094076949837037,
      "revenue_growth": 15.025546064835666,
      "earnings_growth": 15.966174456997123
    },
    {
      "date": "2024-10-31",
      "quarter": "Q4 2024",
      "revenue": 44859622.55378738,
      "earnings": 6231395.941523332,
      "eps_actual": 0.001282904317056683,
      "eps_estimate": 0.0012779612193147356,
      "surprise_percent": 0.3867955981166637,
      "price_on_date": 0.28565933058747833,
      "revenue_growth": 11.585979892487511,
      "earnings_growth": 10.932141397791744
    },
    {
      "date": "2024-08-02",
      "quarter": "Q3 2024",
      "revenue": 42616641.42609801,
      "earnings": 5919826.144447166,
      "eps_actual": 0.001218759101203849,
      "eps_estimate": 0.001197235243999569,
      "surprise_percent": 1.7977968249895255,
      "price_on_date": 0.27558499617910076,
      "revenue_growth": 12.686438641405962,
      "earnings_growth": 11.693922125936696
    },
    {
      "date": "2024-05-04",
      "quarter": "Q2 2024",
      "revenue": 40485809.35479311,
      "earnings": 5623834.837224807,
      "eps_actual": 0.0011578211461436565,
      "eps_estimate": 0.0011210716248317423,
      "surprise_percent": 3.278070776024663,
      "price_on_date": 0.260166529317838,
      "revenue_growth": 11.43627092254062,
      "earnings_growth": 15.324617164152256
    },
    {
      "date": "2024-02-04",
      "quarter": "Q1 2024",
      "revenue": 38461518.88705345,
      "earnings": 5342643.095363567,
      "eps_actual": 0.0010999300888364736,
      "eps_estimate": 0.0010718563021449854,
      "surprise_percent": 2.619174476588633,
      "price_on_date": 0.23897247202824065,
      "revenue_growth": 12.224758663298028,
      "earnings_growth": 13.51533015300374
    },
    {
      "date": "2023-11-06",
      "quarter": "Q4 2023",
      "revenue": 36538442.94270077,
      "earnings": 5075510.9405953875,
      "eps_actual": 0.0010449335843946497,
      "eps_estimate": 0.0010443257419336645,
      "surprise_percent": 0.058204297431157515,
      "price_on_date": 0.21272313330554132,
      "revenue_growth": 13.548967560133375,
      "earnings_growth": 12.522680500089018
    }
  ],
  "metrics": {
    "revenue_trend": [
      {
        "date": "2025-07-28",
        "value": 52322055.75598471
      },
      {
        "date": "2025-04-29",
        "value": 49705952.96818547
      },
      {
        "date": "2025-01-29",
        "value": 47220655.3197762
      },
      {
        "date": "2024-10-31",
        "value": 44859622.55378738
      },
      {
        "date": "2024-08-02",
        "value": 42616641.42609801
      },
      {
        "date": "2024-05-04",
        "value": 40485809.35479311
      },
      {
        "date": "2024-02-04",
        "value": 38461518.88705345
      },
      {
        "date": "2023-11-06",
        "value": 36538442.94270077
      }
    ],
    "eps_trend": [
      {
        "date": "2025-07-28",
        "value": 0.001496316450860689
      },
      {
        "date": "2025-04-29",
        "value": 0.0014215006283176544
      },
      {
        "date": "2025-01-29",
        "value": 0.0013504255969017719
      },
      {
        "date": "2024-10-31",
        "value": 0.001282904317056683
      },
      {
        "date": "2024-08-02",
        "value": 0.001218759101203849
      },
      {
        "date": "2024-05-04",
        "value": 0.0011578211461436565
      },
      {
        "date": "2024-02-04",
        "value": 0.0010999300888364736
      },
      {
        "date": "2023-11-06",
        "value": 0.0010449335843946497
      }
    ],
    "earnings_dates": [
      "2025-07-28",
      "2025-04-29",
      "2025-01-29",
      "2024-10-31",
      "2024-08-02",
      "2024-05-04",
      "2024-02-04",
      "2023-11-06"
    ]
  },
  "analysis": {
    "avg_revenue_growth": 12.467410476291253,
    "avg_earnings_surprise": 2.11843124556624,
    "consistency_score": 80,
    "trend_direction": "growing"
  }
}