{
  "ticker": "EBAY",
  "quarters": [
    {
      "date": "2025-07-28",
      "quarter": "Q3 2025",
      "revenue": 13595350.201633934,
      "earnings": 176652.37228654273,
      "eps_actual": 5.755931813185374e-05,
      "eps_estimate": 5.537864320152014e-05,
      "surprise_percent": 3.9377543476430703,
      "price_on_date": 0.6267363363736119,
      "revenue_growth": 28.147726102304556,
      "earnings_growth": 33.75288784235529
    },
    {
      "date": "2025-04-29",
      "quarter": "Q2 2025",
      "revenue": 12915582.691552237,
      "earnings": 167819.7536722156,
      "eps_actual": 5.468135222526105e-05,
      "eps_estimate": 5.5718261169775955e-05,
      "surprise_percent": -1.860985828964401,
      "price_on_date": 0.6001711522829863,
      "revenue_growth": 34.147139747365195,
      "earnings_growth": 37.09787049894101
    },
    {
      "date": "2025-01-29",
      "quarter": "Q1 2025",
      "revenue": 12269803.556974625,
      "earnings": 159428.7659886048,
      "eps_actual": 5.1947284613997994e-05,
      "eps_estimate": 5.13607108118956e-05,
      "surprise_percent": 1.1420671420430162,
      "price_on_date": 0.5070138780646486,
      "revenue_growth": 30.931544496147296,
      "earnings_growth": 26.894690378303206
    },
    {
      "date": "2024-10-31",
      "quarter": "Q4 2024",
      "revenue": 11656313.379125893,
      "earnings": 151457.32768917456,
      "eps_actual": 4.93499203832981e-05,
      "eps_estimate": 4.801608672271026e-05,
      "surprise_percent": 2.77788914429999,
      "price_on_date": 0.5096921963784414,
      "revenue_growth": 34.066748855354454,
      "earnings_growth": 39.55105598527322
    },
    {
      "date": "2024-08-02",
      "quarter": "Q3 2024",
      "revenue": 11073497.710169598,
      "earnings": 143884.46130471583,
      "eps_actual": 4.688242436413319e-05,
      "eps_estimate": 4.491252975462184e-05,
      "surprise_percent": 4.386069144343026,
      "price_on_date": 0.5350776769055849,
      "revenue_growth": 40.29827458292565,
      "earnings_growth": 29.677381333750184
    },
    {
      "date": "2024-05-04",
      "quarter": "Q2 2024",
      "revenue": 10519822.824661117,
      "earnings": 136690.23823948004,
      "eps_actual": 4.453830314592653e-05,
      "eps_estimate": 4.53119447788248e-05,
      "surprise_percent": -1.7073679725611943,
      "price_on_date": 0.4372028636649925,
      "revenue_growth": 28.498222441136353,
      "earnings_growth": 26.706699108503464
    },
    {
      "date": "2024-02-04",
      "quarter": "Q1 2024",
      "revenue": 9993831.68342806,
      "earnings": 129855.72632750601,
      "eps_actual": 4.23113879886302e-05,
      "eps_estimate": 4.3138804461173944e-05,
      "surprise_percent": -1.9180329239036797,
      "price_on_date": 0.4278995960076382,
      "revenue_growth": 40.49537346694989,
      "earnings_growth": 24.416568265985592
    },
    {
      "date": "2023-11-06",
      "quarter": "Q4 2023",
      "revenue": 9494140.099256657,
      "earnings": 123362.9400111307,
      "eps_actual": 4.019581858919868e-05,
      "eps_estimate": 3.9749616442821344e-05,
      "surprise_percent": 1.1225319545389472,
      "price_on_date": 0.41243079851821357,
      "revenue_growth": 27.021267066419135,
      "earnings_growth": 35.35021915455103
    }
  ],
  "metrics": {
    "revenue_trend": [
      {
        "date": "2025-07-28",
        "value": 13595350.201633934
      },
      {
        "date": "2025-04-29",
        "value": 12915582.691552237
      },
      {
        "date": "2025-01-29",
        "value": 12269803.556974625
      },
      {
        "date": "2024-10-31",
        "value": 11656313.379125893
      },
      {
        "date": "2024-08-02",
        "value": 11073497.710169598
      },
      {
        "date": "2024-05-04",
        "value": 10519822.824661117
      },
      {
        "date": "2024-02-04",
        "value": 9993831.68342806
      },
      {
        "date": "2023-11-06",
        "value": 9494140.099256657
      }
    ],
    "eps_trend": [
      {
        "date": "2025-07-28",
        "value": 5.755931813185374e-05
      },
      {
        "date": "2025-04-29",
        "value": 5.468135222526105e-05
      },
      {
        "date": "2025-01-29",
        "value": 5.1947284613997994e-05
      },
      {
        "date": "2024-10-31",
        "value": 4.93499203832981e-05
      },
      {
        "date": "2024-08-02",
        "value": 4.688242436413319e-05
      },
      {
        "date": "2024-05-04",
        "value": 4.453830314592653e-05
      },
      {
        "date": "2024-02-04",
        "value": 4.23113879886302e-05
      },
      {
        "date": "2023-11-06",
        "value": 4.019581858919868e-05
      }
    ],
    "earnings_dates": [
      "2025-07-28",
      "2025-04-29",
      "2025-01-29",
      "2024-10-31",
      "2024-08-02",
      "2024-05-04",
      "2024-02-04",
      "2023-11-06"
    ]
  },
  "analysis": {
    "avg_revenue_growth": 31.823289800292876,
    "avg_earnings_surprise": 1.4991812012554189,
    "consistency_score": 81,
    "trend_direction": "growing"
  }
}