{
  "ticker": "ECL",
  "quarters": [
    {
      "date": "2025-07-28",
      "quarter": "Q3 2025",
      "revenue": 98846058.67007919,
      "earnings": 4524033.821191267,
      "eps_actual": 0.00569870620476812,
      "eps_estimate": 0.00572398252027632,
      "surprise_percent": -0.44158617568558767,
      "price_on_date": 0.555588546891622,
      "revenue_growth": 30.309464754397123,
      "earnings_growth": 31.999298179769568
    },
    {
      "date": "2025-04-29",
      "quarter": "Q2 2025",
      "revenue": 93903755.73657522,
      "earnings": 4297832.130131703,
      "eps_actual": 0.005413770894529713,
      "eps_estimate": 0.005251188953099769,
      "surprise_percent": 3.0960977196216244,
      "price_on_date": 0.5808910723750917,
      "revenue_growth": 27.976078164880633,
      "earnings_growth": 40.15127345083824
    },
    {
      "date": "2025-01-29",
      "quarter": "Q1 2025",
      "revenue": 89208567.94974646,
      "earnings": 4082940.5236251177,
      "eps_actual": 0.005143082349803227,
      "eps_estimate": 0.0050116108546334704,
      "surprise_percent": 2.623338064012,
      "price_on_date": 0.4823088341319306,
      "revenue_growth": 31.095374932025084,
      "earnings_growth": 38.22753656707904
    },
    {
      "date": "2024-10-31",
      "quarter": "Q4 2024",
      "revenue": 84748139.55225913,
      "earnings": 3878793.497443862,
      "eps_actual": 0.004885928232313066,
      "eps_estimate": 0.0046590469837808615,
      "surprise_percent": 4.869692220791643,
      "price_on_date": 0.5159686998380907,
      "revenue_growth": 35.26383357127635,
      "earnings_growth": 34.78669188128567
    },
    {
      "date": "2024-08-02",
      "quarter": "Q3 2024",
      "revenue": 80510732.57464617,
      "earnings": 3684853.822571669,
      "eps_actual": 0.004641631820697413,
      "eps_estimate": 0.004635888873558336,
      "surprise_percent": 0.12388017262089195,
      "price_on_date": 0.46575781605233657,
      "revenue_growth": 38.67743366649457,
      "earnings_growth": 29.402638574667336
    },
    {
      "date": "2024-05-04",
      "quarter": "Q2 2024",
      "revenue": 76485195.94591385,
      "earnings": 3500611.1314430847,
      "eps_actual": 0.0044095502296625415,
      "eps_estimate": 0.0041970059320305805,
      "surprise_percent": 5.064188640046277,
      "price_on_date": 0.42801698070714456,
      "revenue_growth": 33.8610515209247,
      "earnings_growth": 28.51404289590572
    },
    {
      "date": "2024-02-04",
      "quarter": "Q1 2024",
      "revenue": 72660936.14861816,
      "earnings": 3325580.5748709305,
      "eps_actual": 0.004189072718179415,
      "eps_estimate": 0.0040172560502938,
      "surprise_percent": 4.276965812847531,
      "price_on_date": 0.400713696720612,
      "revenue_growth": 28.21476778350784,
      "earnings_growth": 26.242148890140058
    },
    {
      "date": "2023-11-06",
      "quarter": "Q4 2023",
      "revenue": 69027889.34118725,
      "earnings": 3159301.546127384,
      "eps_actual": 0.003979619082270443,
      "eps_estimate": 0.0039911945110232844,
      "surprise_percent": -0.29002416997896197,
      "price_on_date": 0.3930532277022019,
      "revenue_growth": 27.951634762180063,
      "earnings_growth": 33.882989424077074
    }
  ],
  "metrics": {
    "revenue_trend": [
      {
        "date": "2025-07-28",
        "value": 98846058.67007919
      },
      {
        "date": "2025-04-29",
        "value": 93903755.73657522
      },
      {
        "date": "2025-01-29",
        "value": 89208567.94974646
      },
      {
        "date": "2024-10-31",
        "value": 84748139.55225913
      },
      {
        "date": "2024-08-02",
        "value": 80510732.57464617
      },
      {
        "date": "2024-05-04",
        "value": 76485195.94591385
      },
      {
        "date": "2024-02-04",
        "value": 72660936.14861816
      },
      {
        "date": "2023-11-06",
        "value": 69027889.34118725
      }
    ],
    "eps_trend": [
      {
        "date": "2025-07-28",
        "value": 0.00569870620476812
      },
      {
        "date": "2025-04-29",
        "value": 0.005413770894529713
      },
      {
        "date": "2025-01-29",
        "value": 0.005143082349803227
      },
      {
        "date": "2024-10-31",
        "value": 0.004885928232313066
      },
      {
        "date": "2024-08-02",
        "value": 0.004641631820697413
      },
      {
        "date": "2024-05-04",
        "value": 0.0044095502296625415
      },
      {
        "date": "2024-02-04",
        "value": 0.004189072718179415
      },
      {
        "date": "2023-11-06",
        "value": 0.003979619082270443
      }
    ],
    "earnings_dates": [
      "2025-07-28",
      "2025-04-29",
      "2025-01-29",
      "2024-10-31",
      "2024-08-02",
      "2024-05-04",
      "2024-02-04",
      "2023-11-06"
    ]
  },
  "analysis": {
    "avg_revenue_growth": 31.161187855644798,
    "avg_earnings_surprise": 2.53688545718492,
    "consistency_score": 72,
    "trend_direction": "growing"
  }
}