{
  "ticker": "ED",
  "quarters": [
    {
      "date": "2025-07-28",
      "quarter": "Q3 2025",
      "revenue": 65877401.25363407,
      "earnings": 858795.0583782329,
      "eps_actual": 0.0002718136987214855,
      "eps_estimate": 0.00026601836346649163,
      "surprise_percent": 2.1785470670049643,
      "price_on_date": 0.1906002587367666,
      "revenue_growth": 1.3370685120207655,
      "earnings_growth": 1.2305356123077564
    },
    {
      "date": "2025-04-29",
      "quarter": "Q2 2025",
      "revenue": 62583531.19095237,
      "earnings": 815855.3054593212,
      "eps_actual": 0.0002582230137854112,
      "eps_estimate": 0.00024621679147995796,
      "surprise_percent": 4.8762808715385875,
      "price_on_date": 0.20583889872883834,
      "revenue_growth": 1.2889086454674243,
      "earnings_growth": 1.0904703491486174
    },
    {
      "date": "2025-01-29",
      "quarter": "Q1 2025",
      "revenue": 59454354.63140475,
      "earnings": 775062.5401863551,
      "eps_actual": 0.00024531186309614063,
      "eps_estimate": 0.0002498445637498328,
      "surprise_percent": -1.8142082363779986,
      "price_on_date": 0.1841495266125907,
      "revenue_growth": 1.3756421568442319,
      "earnings_growth": 1.2167179138730093
    },
    {
      "date": "2024-10-31",
      "quarter": "Q4 2024",
      "revenue": 56481636.899834506,
      "earnings": 736309.4131770373,
      "eps_actual": 0.00023304626994133357,
      "eps_estimate": 0.00023001099736943585,
      "surprise_percent": 1.3196206297138797,
      "price_on_date": 0.1772726278963172,
      "revenue_growth": 1.3060672642320197,
      "earnings_growth": 1.2937773177869307
    },
    {
      "date": "2024-08-02",
      "quarter": "Q3 2024",
      "revenue": 53657555.05484278,
      "earnings": 699493.9425181854,
      "eps_actual": 0.0002213939564442669,
      "eps_estimate": 0.000213549946228403,
      "surprise_percent": 3.6731501713769155,
      "price_on_date": 0.17331483865388572,
      "revenue_growth": 1.3124122774382727,
      "earnings_growth": 1.186623487329664
    },
    {
      "date": "2024-05-04",
      "quarter": "Q2 2024",
      "revenue": 50974677.302100636,
      "earnings": 664519.2453922761,
      "eps_actual": 0.00021032425862205356,
      "eps_estimate": 0.00020726156207666145,
      "surprise_percent": 1.477696353682445,
      "price_on_date": 0.14732516336718582,
      "revenue_growth": 1.2949058518125027,
      "earnings_growth": 1.4783332172245496
    },
    {
      "date": "2024-02-04",
      "quarter": "Q1 2024",
      "revenue": 48425943.4369956,
      "earnings": 631293.2831226623,
      "eps_actual": 0.00019980804569095088,
      "eps_estimate": 0.00019738911838185132,
      "surprise_percent": 1.2254613268093735,
      "price_on_date": 0.15359335662157683,
      "revenue_growth": 1.2959081558064738,
      "earnings_growth": 0.8933829386847103
    },
    {
      "date": "2023-11-06",
      "quarter": "Q4 2023",
      "revenue": 46004646.265145816,
      "earnings": 599728.618966529,
      "eps_actual": 0.00018981764340640327,
      "eps_estimate": 0.0001816697705054845,
      "surprise_percent": 4.4849910242347075,
      "price_on_date": 0.15101058224451958,
      "revenue_growth": 0.9913296654770725,
      "earnings_growth": 1.231720456156248
    }
  ],
  "metrics": {
    "revenue_trend": [
      {
        "date": "2025-07-28",
        "value": 65877401.25363407
      },
      {
        "date": "2025-04-29",
        "value": 62583531.19095237
      },
      {
        "date": "2025-01-29",
        "value": 59454354.63140475
      },
      {
        "date": "2024-10-31",
        "value": 56481636.899834506
      },
      {
        "date": "2024-08-02",
        "value": 53657555.05484278
      },
      {
        "date": "2024-05-04",
        "value": 50974677.302100636
      },
      {
        "date": "2024-02-04",
        "value": 48425943.4369956
      },
      {
        "date": "2023-11-06",
        "value": 46004646.265145816
      }
    ],
    "eps_trend": [
      {
        "date": "2025-07-28",
        "value": 0.0002718136987214855
      },
      {
        "date": "2025-04-29",
        "value": 0.0002582230137854112
      },
      {
        "date": "2025-01-29",
        "value": 0.00024531186309614063
      },
      {
        "date": "2024-10-31",
        "value": 0.00023304626994133357
      },
      {
        "date": "2024-08-02",
        "value": 0.0002213939564442669
      },
      {
        "date": "2024-05-04",
        "value": 0.00021032425862205356
      },
      {
        "date": "2024-02-04",
        "value": 0.00019980804569095088
      },
      {
        "date": "2023-11-06",
        "value": 0.00018981764340640327
      }
    ],
    "earnings_dates": [
      "2025-07-28",
      "2025-04-29",
      "2025-01-29",
      "2024-10-31",
      "2024-08-02",
      "2024-05-04",
      "2024-02-04",
      "2023-11-06"
    ]
  },
  "analysis": {
    "avg_revenue_growth": 1.3269216446411103,
    "avg_earnings_surprise": 1.6400600829698582,
    "consistency_score": 72,
    "trend_direction": "stable"
  }
}