{
  "ticker": "EFX",
  "quarters": [
    {
      "date": "2025-07-28",
      "quarter": "Q3 2025",
      "revenue": 22709568.69624026,
      "earnings": 1324344.8951976704,
      "eps_actual": 0.0003642890607731177,
      "eps_estimate": 0.000367333843762938,
      "surprise_percent": -0.8288871394559718,
      "price_on_date": 0.229865275194811,
      "revenue_growth": -16.41189437359963,
      "earnings_growth": -16.819385471872824
    },
    {
      "date": "2025-04-29",
      "quarter": "Q2 2025",
      "revenue": 21574090.261428248,
      "earnings": 1258127.650437787,
      "eps_actual": 0.00034607460773446186,
      "eps_estimate": 0.00033782519924762517,
      "surprise_percent": 2.4419162647455117,
      "price_on_date": 0.2382754318981045,
      "revenue_growth": -15.115469838991256,
      "earnings_growth": -13.951608488603137
    },
    {
      "date": "2025-01-29",
      "quarter": "Q1 2025",
      "revenue": 20495385.748356834,
      "earnings": 1195221.2679158975,
      "eps_actual": 0.00032877087734773877,
      "eps_estimate": 0.0003189621978793336,
      "surprise_percent": 3.075185565443058,
      "price_on_date": 0.21275743587030393,
      "revenue_growth": -17.134953910856733,
      "earnings_growth": -14.344445656169936
    },
    {
      "date": "2024-10-31",
      "quarter": "Q4 2024",
      "revenue": 19470616.46093899,
      "earnings": 1135460.2045201026,
      "eps_actual": 0.0003123323334803518,
      "eps_estimate": 0.0003157209257015991,
      "surprise_percent": -1.0732871803530701,
      "price_on_date": 0.2104912286890796,
      "revenue_growth": -13.867413277470249,
      "earnings_growth": -15.683013698425743
    },
    {
      "date": "2024-08-02",
      "quarter": "Q3 2024",
      "revenue": 18497085.63789204,
      "earnings": 1078687.1942940974,
      "eps_actual": 0.0002967157168063342,
      "eps_estimate": 0.00028807808291219923,
      "surprise_percent": 2.998365514938378,
      "price_on_date": 0.20533111138885932,
      "revenue_growth": -19.408423381104672,
      "earnings_growth": -12.26490985936577
    },
    {
      "date": "2024-05-04",
      "quarter": "Q2 2024",
      "revenue": 17572231.355997436,
      "earnings": 1024752.8345793923,
      "eps_actual": 0.00028187993096601745,
      "eps_estimate": 0.00027832912051999834,
      "surprise_percent": 1.275759589720681,
      "price_on_date": 0.1853484216721629,
      "revenue_growth": -14.785947182014548,
      "earnings_growth": -18.969959738242625
    },
    {
      "date": "2024-02-04",
      "quarter": "Q1 2024",
      "revenue": 16693619.788197566,
      "earnings": 973515.1928504228,
      "eps_actual": 0.0002677859344177166,
      "eps_estimate": 0.00026345265161756146,
      "surprise_percent": 1.644805157036525,
      "price_on_date": 0.18749141423316198,
      "revenue_growth": -18.03442292440347,
      "earnings_growth": -13.47188060605369
    },
    {
      "date": "2023-11-06",
      "quarter": "Q4 2023",
      "revenue": 15858938.798787685,
      "earnings": 924839.4332079015,
      "eps_actual": 0.0002543966376968307,
      "eps_estimate": 0.0002544171689441138,
      "surprise_percent": -0.008069914215415553,
      "price_on_date": 0.1756824819778233,
      "revenue_growth": -13.513251300925912,
      "earnings_growth": -21.086706687672134
    }
  ],
  "metrics": {
    "revenue_trend": [
      {
        "date": "2025-07-28",
        "value": 22709568.69624026
      },
      {
        "date": "2025-04-29",
        "value": 21574090.261428248
      },
      {
        "date": "2025-01-29",
        "value": 20495385.748356834
      },
      {
        "date": "2024-10-31",
        "value": 19470616.46093899
      },
      {
        "date": "2024-08-02",
        "value": 18497085.63789204
      },
      {
        "date": "2024-05-04",
        "value": 17572231.355997436
      },
      {
        "date": "2024-02-04",
        "value": 16693619.788197566
      },
      {
        "date": "2023-11-06",
        "value": 15858938.798787685
      }
    ],
    "eps_trend": [
      {
        "date": "2025-07-28",
        "value": 0.0003642890607731177
      },
      {
        "date": "2025-04-29",
        "value": 0.00034607460773446186
      },
      {
        "date": "2025-01-29",
        "value": 0.00032877087734773877
      },
      {
        "date": "2024-10-31",
        "value": 0.0003123323334803518
      },
      {
        "date": "2024-08-02",
        "value": 0.0002967157168063342
      },
      {
        "date": "2024-05-04",
        "value": 0.00028187993096601745
      },
      {
        "date": "2024-02-04",
        "value": 0.0002677859344177166
      },
      {
        "date": "2023-11-06",
        "value": 0.0002543966376968307
      }
    ],
    "earnings_dates": [
      "2025-07-28",
      "2025-04-29",
      "2025-01-29",
      "2024-10-31",
      "2024-08-02",
      "2024-05-04",
      "2024-02-04",
      "2023-11-06"
    ]
  },
  "analysis": {
    "avg_revenue_growth": -15.632432850229467,
    "avg_earnings_surprise": 0.9037318775948819,
    "consistency_score": 75,
    "trend_direction": "declining"
  }
}