{
  "ticker": "EG",
  "quarters": [
    {
      "date": "2025-07-28",
      "quarter": "Q3 2025",
      "revenue": 90483518.47701725,
      "earnings": 5445723.548505334,
      "eps_actual": 0.001410044802486568,
      "eps_estimate": 0.001374022096525948,
      "surprise_percent": 2.621697718813919,
      "price_on_date": 0.39185594254508055,
      "revenue_growth": 16.385877344633535,
      "earnings_growth": 16.099170279881744
    },
    {
      "date": "2025-04-29",
      "quarter": "Q2 2025",
      "revenue": 85959342.55316639,
      "earnings": 5173437.371080068,
      "eps_actual": 0.0013395425623622397,
      "eps_estimate": 0.0013649962871908558,
      "surprise_percent": -1.8647468178099986,
      "price_on_date": 0.4307322352315481,
      "revenue_growth": 19.1501017677698,
      "earnings_growth": 15.877855801468888
    },
    {
      "date": "2025-01-29",
      "quarter": "Q1 2025",
      "revenue": 81661375.42550807,
      "earnings": 4914765.502526064,
      "eps_actual": 0.0012725654342441277,
      "eps_estimate": 0.0012849864437102954,
      "surprise_percent": -0.9666257202140647,
      "price_on_date": 0.40640630246177656,
      "revenue_growth": 18.56101861617505,
      "earnings_growth": 19.096980064293042
    },
    {
      "date": "2024-10-31",
      "quarter": "Q4 2024",
      "revenue": 77578306.65423265,
      "earnings": 4669027.22739976,
      "eps_actual": 0.0012089371625319209,
      "eps_estimate": 0.0011822251182843006,
      "surprise_percent": 2.2594718919850045,
      "price_on_date": 0.3432985482027333,
      "revenue_growth": 19.241162114419804,
      "earnings_growth": 12.470224119752597
    },
    {
      "date": "2024-08-02",
      "quarter": "Q3 2024",
      "revenue": 73699391.32152103,
      "earnings": 4435575.866029773,
      "eps_actual": 0.0011484903044053252,
      "eps_estimate": 0.0011055273273617887,
      "surprise_percent": 3.8861976524870334,
      "price_on_date": 0.367338095106859,
      "revenue_growth": 13.945734059939253,
      "earnings_growth": 20.81306541130739
    },
    {
      "date": "2024-05-04",
      "quarter": "Q2 2024",
      "revenue": 70014421.75544496,
      "earnings": 4213797.072728283,
      "eps_actual": 0.0010910657891850585,
      "eps_estimate": 0.0010378858659690557,
      "surprise_percent": 5.123870066999093,
      "price_on_date": 0.3151244546620124,
      "revenue_growth": 13.10285652791576,
      "earnings_growth": 13.47756416900383
    },
    {
      "date": "2024-02-04",
      "quarter": "Q1 2024",
      "revenue": 66513700.667672716,
      "earnings": 4003107.2190918694,
      "eps_actual": 0.0010365124997258057,
      "eps_estimate": 0.0010291609692962523,
      "surprise_percent": 0.7143227006150894,
      "price_on_date": 0.3206162095471855,
      "revenue_growth": 18.79480510958657,
      "earnings_growth": 18.886415354456783
    },
    {
      "date": "2023-11-06",
      "quarter": "Q4 2023",
      "revenue": 63188015.63428907,
      "earnings": 3802951.858137275,
      "eps_actual": 0.0009846868747395152,
      "eps_estimate": 0.000954586805919722,
      "surprise_percent": 3.153203944694427,
      "price_on_date": 0.31085070105477897,
      "revenue_growth": 17.552045618234377,
      "earnings_growth": 11.371810197182254
    }
  ],
  "metrics": {
    "revenue_trend": [
      {
        "date": "2025-07-28",
        "value": 90483518.47701725
      },
      {
        "date": "2025-04-29",
        "value": 85959342.55316639
      },
      {
        "date": "2025-01-29",
        "value": 81661375.42550807
      },
      {
        "date": "2024-10-31",
        "value": 77578306.65423265
      },
      {
        "date": "2024-08-02",
        "value": 73699391.32152103
      },
      {
        "date": "2024-05-04",
        "value": 70014421.75544496
      },
      {
        "date": "2024-02-04",
        "value": 66513700.667672716
      },
      {
        "date": "2023-11-06",
        "value": 63188015.63428907
      }
    ],
    "eps_trend": [
      {
        "date": "2025-07-28",
        "value": 0.001410044802486568
      },
      {
        "date": "2025-04-29",
        "value": 0.0013395425623622397
      },
      {
        "date": "2025-01-29",
        "value": 0.0012725654342441277
      },
      {
        "date": "2024-10-31",
        "value": 0.0012089371625319209
      },
      {
        "date": "2024-08-02",
        "value": 0.0011484903044053252
      },
      {
        "date": "2024-05-04",
        "value": 0.0010910657891850585
      },
      {
        "date": "2024-02-04",
        "value": 0.0010365124997258057
      },
      {
        "date": "2023-11-06",
        "value": 0.0009846868747395152
      }
    ],
    "earnings_dates": [
      "2025-07-28",
      "2025-04-29",
      "2025-01-29",
      "2024-10-31",
      "2024-08-02",
      "2024-05-04",
      "2024-02-04",
      "2023-11-06"
    ]
  },
  "analysis": {
    "avg_revenue_growth": 18.33453996074955,
    "avg_earnings_surprise": 0.5124492681937152,
    "consistency_score": 80,
    "trend_direction": "growing"
  }
}