{
  "ticker": "EIX",
  "quarters": [
    {
      "date": "2025-07-28",
      "quarter": "Q3 2025",
      "revenue": 97209885.96245249,
      "earnings": 7990431.296033092,
      "eps_actual": 0.01151880866703948,
      "eps_estimate": 0.011063605115058,
      "surprise_percent": 4.11442334797298,
      "price_on_date": 1.5492606362889572,
      "revenue_growth": 49.618233161761914,
      "earnings_growth": 41.81281585503761
    },
    {
      "date": "2025-04-29",
      "quarter": "Q2 2025",
      "revenue": 92349391.66432986,
      "earnings": 7590909.731231437,
      "eps_actual": 0.010942868233687505,
      "eps_estimate": 0.01064124621834053,
      "surprise_percent": 2.83446138880914,
      "price_on_date": 1.3583647828832703,
      "revenue_growth": 48.53352332104534,
      "earnings_growth": 35.32524609627444
    },
    {
      "date": "2025-01-29",
      "quarter": "Q1 2025",
      "revenue": 87731922.08111337,
      "earnings": 7211364.244669865,
      "eps_actual": 0.010395724822003129,
      "eps_estimate": 0.010542235807769381,
      "surprise_percent": -1.3897525006818494,
      "price_on_date": 1.2304264629109734,
      "revenue_growth": 48.45925881252791,
      "earnings_growth": 58.487831829013075
    },
    {
      "date": "2024-10-31",
      "quarter": "Q4 2024",
      "revenue": 83345325.9770577,
      "earnings": 6850796.032436372,
      "eps_actual": 0.009875938580902972,
      "eps_estimate": 0.009488488900069352,
      "surprise_percent": 4.083365485422956,
      "price_on_date": 1.2920232713222772,
      "revenue_growth": 39.6754142657466,
      "earnings_growth": 57.63191006454788
    },
    {
      "date": "2024-08-02",
      "quarter": "Q3 2024",
      "revenue": 79178059.6782048,
      "earnings": 6508256.230814553,
      "eps_actual": 0.009382141651857823,
      "eps_estimate": 0.009417556806215687,
      "surprise_percent": -0.37605458705053274,
      "price_on_date": 1.1999562218942845,
      "revenue_growth": 47.332637085288,
      "earnings_growth": 53.32765993679075
    },
    {
      "date": "2024-05-04",
      "quarter": "Q2 2024",
      "revenue": 75219156.69429456,
      "earnings": 6182843.419273824,
      "eps_actual": 0.00891303456926493,
      "eps_estimate": 0.008950796651432613,
      "surprise_percent": -0.42188515322419495,
      "price_on_date": 1.1897775949527607,
      "revenue_growth": 51.557144686538244,
      "earnings_growth": 41.82592391333187
    },
    {
      "date": "2024-02-04",
      "quarter": "Q1 2024",
      "revenue": 71458198.85957983,
      "earnings": 5873701.248310133,
      "eps_actual": 0.008467382840801684,
      "eps_estimate": 0.008501387445663713,
      "surprise_percent": -0.3999888851010297,
      "price_on_date": 1.117263895245004,
      "revenue_growth": 47.04494942804614,
      "earnings_growth": 59.165500533478685
    },
    {
      "date": "2023-11-06",
      "quarter": "Q4 2023",
      "revenue": 67885288.91660082,
      "earnings": 5580016.185894625,
      "eps_actual": 0.008044013698761598,
      "eps_estimate": 0.008158766231497543,
      "surprise_percent": -1.406493696227426,
      "price_on_date": 0.9409987470100972,
      "revenue_growth": 52.216921883721014,
      "earnings_growth": 58.40294967647888
    }
  ],
  "metrics": {
    "revenue_trend": [
      {
        "date": "2025-07-28",
        "value": 97209885.96245249
      },
      {
        "date": "2025-04-29",
        "value": 92349391.66432986
      },
      {
        "date": "2025-01-29",
        "value": 87731922.08111337
      },
      {
        "date": "2024-10-31",
        "value": 83345325.9770577
      },
      {
        "date": "2024-08-02",
        "value": 79178059.6782048
      },
      {
        "date": "2024-05-04",
        "value": 75219156.69429456
      },
      {
        "date": "2024-02-04",
        "value": 71458198.85957983
      },
      {
        "date": "2023-11-06",
        "value": 67885288.91660082
      }
    ],
    "eps_trend": [
      {
        "date": "2025-07-28",
        "value": 0.01151880866703948
      },
      {
        "date": "2025-04-29",
        "value": 0.010942868233687505
      },
      {
        "date": "2025-01-29",
        "value": 0.010395724822003129
      },
      {
        "date": "2024-10-31",
        "value": 0.009875938580902972
      },
      {
        "date": "2024-08-02",
        "value": 0.009382141651857823
      },
      {
        "date": "2024-05-04",
        "value": 0.00891303456926493
      },
      {
        "date": "2024-02-04",
        "value": 0.008467382840801684
      },
      {
        "date": "2023-11-06",
        "value": 0.008044013698761598
      }
    ],
    "earnings_dates": [
      "2025-07-28",
      "2025-04-29",
      "2025-01-29",
      "2024-10-31",
      "2024-08-02",
      "2024-05-04",
      "2024-02-04",
      "2023-11-06"
    ]
  },
  "analysis": {
    "avg_revenue_growth": 46.571607390270444,
    "avg_earnings_surprise": 2.4106244303808064,
    "consistency_score": 76,
    "trend_direction": "growing"
  }
}