{
  "ticker": "EL",
  "quarters": [
    {
      "date": "2025-07-28",
      "quarter": "Q3 2025",
      "revenue": 99948878.4720661,
      "earnings": 23222749.20897022,
      "eps_actual": 0.004712806492527214,
      "eps_estimate": 0.004765107838324514,
      "surprise_percent": -1.0975899721860203,
      "price_on_date": 0.21653170327341012,
      "revenue_growth": 14.274379593824005,
      "earnings_growth": 17.50889825394808
    },
    {
      "date": "2025-04-29",
      "quarter": "Q2 2025",
      "revenue": 94951434.5484628,
      "earnings": 22061611.748521708,
      "eps_actual": 0.004477166167900853,
      "eps_estimate": 0.004358880850025993,
      "surprise_percent": 2.71366256487958,
      "price_on_date": 0.17573076614870076,
      "revenue_growth": 13.163333366058305,
      "earnings_growth": 15.124597782223626
    },
    {
      "date": "2025-01-29",
      "quarter": "Q1 2025",
      "revenue": 90203862.82103966,
      "earnings": 20958531.161095623,
      "eps_actual": 0.004253307859505811,
      "eps_estimate": 0.004082458673979688,
      "surprise_percent": 4.18495811396848,
      "price_on_date": 0.18486717404295322,
      "revenue_growth": 18.69409457144324,
      "earnings_growth": 15.855309495854085
    },
    {
      "date": "2024-10-31",
      "quarter": "Q4 2024",
      "revenue": 85693669.67998767,
      "earnings": 19910604.60304084,
      "eps_actual": 0.0040406424665305205,
      "eps_estimate": 0.004010033773611034,
      "surprise_percent": 0.7633026215617905,
      "price_on_date": 0.17370737870710729,
      "revenue_growth": 14.03037119923239,
      "earnings_growth": 11.923511398334018
    },
    {
      "date": "2024-08-02",
      "quarter": "Q3 2024",
      "revenue": 81408986.19598828,
      "earnings": 18915074.372888796,
      "eps_actual": 0.0038386103432039935,
      "eps_estimate": 0.0038492623961300246,
      "surprise_percent": -0.27672971675665536,
      "price_on_date": 0.15042882750778105,
      "revenue_growth": 15.886358970622952,
      "earnings_growth": 16.75508507161675
    },
    {
      "date": "2024-05-04",
      "quarter": "Q2 2024",
      "revenue": 77338536.88618885,
      "earnings": 17969320.654244352,
      "eps_actual": 0.003646679826043793,
      "eps_estimate": 0.0035661061405653444,
      "surprise_percent": 2.2594303787512953,
      "price_on_date": 0.16420522044365202,
      "revenue_growth": 13.472226664643216,
      "earnings_growth": 19.158463002899765
    },
    {
      "date": "2024-02-04",
      "quarter": "Q1 2024",
      "revenue": 73471610.04187942,
      "earnings": 17070854.62153214,
      "eps_actual": 0.003464345834741604,
      "eps_estimate": 0.003374012214412608,
      "surprise_percent": 2.677335308482951,
      "price_on_date": 0.145479803976439,
      "revenue_growth": 13.665081108167218,
      "earnings_growth": 16.17880904921237
    },
    {
      "date": "2023-11-06",
      "quarter": "Q4 2023",
      "revenue": 69798029.53978543,
      "earnings": 16217311.890455527,
      "eps_actual": 0.0032911285430045232,
      "eps_estimate": 0.0033392574272753904,
      "surprise_percent": -1.4413050002598067,
      "price_on_date": 0.1436495556399527,
      "revenue_growth": 16.408220010199273,
      "earnings_growth": 14.920569347455539
    }
  ],
  "metrics": {
    "revenue_trend": [
      {
        "date": "2025-07-28",
        "value": 99948878.4720661
      },
      {
        "date": "2025-04-29",
        "value": 94951434.5484628
      },
      {
        "date": "2025-01-29",
        "value": 90203862.82103966
      },
      {
        "date": "2024-10-31",
        "value": 85693669.67998767
      },
      {
        "date": "2024-08-02",
        "value": 81408986.19598828
      },
      {
        "date": "2024-05-04",
        "value": 77338536.88618885
      },
      {
        "date": "2024-02-04",
        "value": 73471610.04187942
      },
      {
        "date": "2023-11-06",
        "value": 69798029.53978543
      }
    ],
    "eps_trend": [
      {
        "date": "2025-07-28",
        "value": 0.004712806492527214
      },
      {
        "date": "2025-04-29",
        "value": 0.004477166167900853
      },
      {
        "date": "2025-01-29",
        "value": 0.004253307859505811
      },
      {
        "date": "2024-10-31",
        "value": 0.0040406424665305205
      },
      {
        "date": "2024-08-02",
        "value": 0.0038386103432039935
      },
      {
        "date": "2024-05-04",
        "value": 0.003646679826043793
      },
      {
        "date": "2024-02-04",
        "value": 0.003464345834741604
      },
      {
        "date": "2023-11-06",
        "value": 0.0032911285430045232
      }
    ],
    "earnings_dates": [
      "2025-07-28",
      "2025-04-29",
      "2025-01-29",
      "2024-10-31",
      "2024-08-02",
      "2024-05-04",
      "2024-02-04",
      "2023-11-06"
    ]
  },
  "analysis": {
    "avg_revenue_growth": 15.040544682639485,
    "avg_earnings_surprise": 1.6410833320559577,
    "consistency_score": 67,
    "trend_direction": "growing"
  }
}