{
  "ticker": "ELV",
  "quarters": [
    {
      "date": "2025-07-28",
      "quarter": "Q3 2025",
      "revenue": 92114923.4559153,
      "earnings": 8816462.008709682,
      "eps_actual": 0.0017796049972584138,
      "eps_estimate": 0.0017378334490226908,
      "surprise_percent": 2.4036565908668726,
      "price_on_date": 0.26026565844463223,
      "revenue_growth": -12.983225065824897,
      "earnings_growth": -9.118056795545362
    },
    {
      "date": "2025-04-29",
      "quarter": "Q2 2025",
      "revenue": 87509177.28311953,
      "earnings": 8375638.908274197,
      "eps_actual": 0.0016906247473954929,
      "eps_estimate": 0.001677710813006246,
      "surprise_percent": 0.7697354209755993,
      "price_on_date": 0.2639138335608493,
      "revenue_growth": -10.024501146757892,
      "earnings_growth": -14.314047683775899
    },
    {
      "date": "2025-01-29",
      "quarter": "Q1 2025",
      "revenue": 83133718.41896355,
      "earnings": 7956856.9628604865,
      "eps_actual": 0.0016060935100257181,
      "eps_estimate": 0.0016082282230144857,
      "surprise_percent": -0.132736943564284,
      "price_on_date": 0.2286487946051051,
      "revenue_growth": -13.561010466747602,
      "earnings_growth": -15.10477840254817
    },
    {
      "date": "2024-10-31",
      "quarter": "Q4 2024",
      "revenue": 78977032.49801537,
      "earnings": 7559014.114717462,
      "eps_actual": 0.0015257888345244321,
      "eps_estimate": 0.0015536080766028004,
      "surprise_percent": -1.7906216179822712,
      "price_on_date": 0.23841039389261878,
      "revenue_growth": -10.141701611781402,
      "earnings_growth": -8.913383009312032
    },
    {
      "date": "2024-08-02",
      "quarter": "Q3 2024",
      "revenue": 75028180.8731146,
      "earnings": 7181063.408981589,
      "eps_actual": 0.0014494993927982106,
      "eps_estimate": 0.0014243038671500298,
      "surprise_percent": 1.7689712307385603,
      "price_on_date": 0.19627792605622357,
      "revenue_growth": -10.045534554623789,
      "earnings_growth": -10.361496371524925
    },
    {
      "date": "2024-05-04",
      "quarter": "Q2 2024",
      "revenue": 71276771.82945886,
      "earnings": 6822010.238532509,
      "eps_actual": 0.0013770244231583,
      "eps_estimate": 0.0013807151218997614,
      "surprise_percent": -0.26730342001203344,
      "price_on_date": 0.20284111213125525,
      "revenue_growth": -10.074011704193603,
      "earnings_growth": -9.222311409215905
    },
    {
      "date": "2024-02-04",
      "quarter": "Q1 2024",
      "revenue": 67712933.23798592,
      "earnings": 6480909.726605884,
      "eps_actual": 0.001308173202000385,
      "eps_estimate": 0.00132405186563195,
      "surprise_percent": -1.1992478575592798,
      "price_on_date": 0.1774900668460314,
      "revenue_growth": -11.27661931829268,
      "earnings_growth": -12.765183366164086
    },
    {
      "date": "2023-11-06",
      "quarter": "Q4 2023",
      "revenue": 64327286.57608662,
      "earnings": 6156864.240275589,
      "eps_actual": 0.0012427645419003657,
      "eps_estimate": 0.0012390677144169032,
      "surprise_percent": 0.29835556527289364,
      "price_on_date": 0.20366197389194546,
      "revenue_growth": -10.823423096427778,
      "earnings_growth": -12.754139858996542
    }
  ],
  "metrics": {
    "revenue_trend": [
      {
        "date": "2025-07-28",
        "value": 92114923.4559153
      },
      {
        "date": "2025-04-29",
        "value": 87509177.28311953
      },
      {
        "date": "2025-01-29",
        "value": 83133718.41896355
      },
      {
        "date": "2024-10-31",
        "value": 78977032.49801537
      },
      {
        "date": "2024-08-02",
        "value": 75028180.8731146
      },
      {
        "date": "2024-05-04",
        "value": 71276771.82945886
      },
      {
        "date": "2024-02-04",
        "value": 67712933.23798592
      },
      {
        "date": "2023-11-06",
        "value": 64327286.57608662
      }
    ],
    "eps_trend": [
      {
        "date": "2025-07-28",
        "value": 0.0017796049972584138
      },
      {
        "date": "2025-04-29",
        "value": 0.0016906247473954929
      },
      {
        "date": "2025-01-29",
        "value": 0.0016060935100257181
      },
      {
        "date": "2024-10-31",
        "value": 0.0015257888345244321
      },
      {
        "date": "2024-08-02",
        "value": 0.0014494993927982106
      },
      {
        "date": "2024-05-04",
        "value": 0.0013770244231583
      },
      {
        "date": "2024-02-04",
        "value": 0.001308173202000385
      },
      {
        "date": "2023-11-06",
        "value": 0.0012427645419003657
      }
    ],
    "earnings_dates": [
      "2025-07-28",
      "2025-04-29",
      "2025-01-29",
      "2024-10-31",
      "2024-08-02",
      "2024-05-04",
      "2024-02-04",
      "2023-11-06"
    ]
  },
  "analysis": {
    "avg_revenue_growth": -11.677609572777948,
    "avg_earnings_surprise": 0.3125083625739791,
    "consistency_score": 82,
    "trend_direction": "declining"
  }
}