{
  "ticker": "EMN",
  "quarters": [
    {
      "date": "2025-07-28",
      "quarter": "Q3 2025",
      "revenue": 26970028.516014833,
      "earnings": 339545.4868386436,
      "eps_actual": 0.0003738034644629571,
      "eps_estimate": 0.0003585865738748136,
      "surprise_percent": 4.243575107598951,
      "price_on_date": 0.46645796599440914,
      "revenue_growth": 11.193164473647364,
      "earnings_growth": 13.92850597667357
    },
    {
      "date": "2025-04-29",
      "quarter": "Q2 2025",
      "revenue": 25621527.09021409,
      "earnings": 322568.2124967114,
      "eps_actual": 0.00035511329123980923,
      "eps_estimate": 0.0003617132229015307,
      "surprise_percent": -1.8246310181251502,
      "price_on_date": 0.4769874061785816,
      "revenue_growth": 12.164289163559046,
      "earnings_growth": 15.08514526103938
    },
    {
      "date": "2025-01-29",
      "quarter": "Q1 2025",
      "revenue": 24340450.735703386,
      "earnings": 306439.8018718759,
      "eps_actual": 0.00033735762667781884,
      "eps_estimate": 0.0003385570277407048,
      "surprise_percent": -0.3542685469830469,
      "price_on_date": 0.3879941458159463,
      "revenue_growth": 14.520850201056808,
      "earnings_growth": 8.776514808499556
    },
    {
      "date": "2024-10-31",
      "quarter": "Q4 2024",
      "revenue": 23123428.198918216,
      "earnings": 291117.81177828205,
      "eps_actual": 0.0003204897453439278,
      "eps_estimate": 0.00032065417188881484,
      "surprise_percent": -0.05127846736515396,
      "price_on_date": 0.3923072485807754,
      "revenue_growth": 12.102496933837246,
      "earnings_growth": 8.71974370525819
    },
    {
      "date": "2024-08-02",
      "quarter": "Q3 2024",
      "revenue": 21967256.788972303,
      "earnings": 276561.92118936795,
      "eps_actual": 0.00030446525807673145,
      "eps_estimate": 0.00030475744499277826,
      "surprise_percent": -0.09587523482936927,
      "price_on_date": 0.3532481140911609,
      "revenue_growth": 14.06914926443343,
      "earnings_growth": 10.626876246269402
    },
    {
      "date": "2024-05-04",
      "quarter": "Q2 2024",
      "revenue": 20868893.949523684,
      "earnings": 262733.8251298995,
      "eps_actual": 0.0002892419951728948,
      "eps_estimate": 0.0002787212068305415,
      "surprise_percent": 3.774663744459808,
      "price_on_date": 0.38922732798409404,
      "revenue_growth": 10.979609166320529,
      "earnings_growth": 14.678047612438036
    },
    {
      "date": "2024-02-04",
      "quarter": "Q1 2024",
      "revenue": 19825449.2520475,
      "earnings": 249597.13387340453,
      "eps_actual": 0.0002747798954142501,
      "eps_estimate": 0.00026799142545806594,
      "surprise_percent": 2.5330922228503767,
      "price_on_date": 0.35984860223231635,
      "revenue_growth": 10.089807725450294,
      "earnings_growth": 9.408571427301043
    },
    {
      "date": "2023-11-06",
      "quarter": "Q4 2023",
      "revenue": 18834176.789445125,
      "earnings": 237117.2771797343,
      "eps_actual": 0.0002610409006435376,
      "eps_estimate": 0.0002591308563374334,
      "surprise_percent": 0.7370964357934173,
      "price_on_date": 0.3070981672148033,
      "revenue_growth": 13.063035649794,
      "earnings_growth": 11.296904510355475
    }
  ],
  "metrics": {
    "revenue_trend": [
      {
        "date": "2025-07-28",
        "value": 26970028.516014833
      },
      {
        "date": "2025-04-29",
        "value": 25621527.09021409
      },
      {
        "date": "2025-01-29",
        "value": 24340450.735703386
      },
      {
        "date": "2024-10-31",
        "value": 23123428.198918216
      },
      {
        "date": "2024-08-02",
        "value": 21967256.788972303
      },
      {
        "date": "2024-05-04",
        "value": 20868893.949523684
      },
      {
        "date": "2024-02-04",
        "value": 19825449.2520475
      },
      {
        "date": "2023-11-06",
        "value": 18834176.789445125
      }
    ],
    "eps_trend": [
      {
        "date": "2025-07-28",
        "value": 0.0003738034644629571
      },
      {
        "date": "2025-04-29",
        "value": 0.00035511329123980923
      },
      {
        "date": "2025-01-29",
        "value": 0.00033735762667781884
      },
      {
        "date": "2024-10-31",
        "value": 0.0003204897453439278
      },
      {
        "date": "2024-08-02",
        "value": 0.00030446525807673145
      },
      {
        "date": "2024-05-04",
        "value": 0.0002892419951728948
      },
      {
        "date": "2024-02-04",
        "value": 0.0002747798954142501
      },
      {
        "date": "2023-11-06",
        "value": 0.0002610409006435376
      }
    ],
    "earnings_dates": [
      "2025-07-28",
      "2025-04-29",
      "2025-01-29",
      "2024-10-31",
      "2024-08-02",
      "2024-05-04",
      "2024-02-04",
      "2023-11-06"
    ]
  },
  "analysis": {
    "avg_revenue_growth": 12.495200193025116,
    "avg_earnings_surprise": 0.5033492687814,
    "consistency_score": 94,
    "trend_direction": "growing"
  }
}