{
  "ticker": "EMR",
  "quarters": [
    {
      "date": "2025-07-28",
      "quarter": "Q3 2025",
      "revenue": 107245951.48164494,
      "earnings": 6486812.2843088675,
      "eps_actual": 0.0014464016264623021,
      "eps_estimate": 0.001387702113675958,
      "surprise_percent": 4.22997934555651,
      "price_on_date": 0.39569061359051916,
      "revenue_growth": -9.257713511792234,
      "earnings_growth": -8.70048806651236
    },
    {
      "date": "2025-04-29",
      "quarter": "Q2 2025",
      "revenue": 101883653.90756269,
      "earnings": 6162471.670093424,
      "eps_actual": 0.001374081545139187,
      "eps_estimate": 0.0013575164080840785,
      "surprise_percent": 1.2202531738446925,
      "price_on_date": 0.3807149683078188,
      "revenue_growth": -8.357693652566004,
      "earnings_growth": -12.724735399507859
    },
    {
      "date": "2025-01-29",
      "quarter": "Q1 2025",
      "revenue": 96789471.21218456,
      "earnings": 5854348.086588753,
      "eps_actual": 0.0013053774678822277,
      "eps_estimate": 0.0012526689450560863,
      "surprise_percent": 4.207697734837789,
      "price_on_date": 0.3854813007453182,
      "revenue_growth": -10.879435626846043,
      "earnings_growth": -13.314653300040145
    },
    {
      "date": "2024-10-31",
      "quarter": "Q4 2024",
      "revenue": 91949997.65157533,
      "earnings": 5561630.682259315,
      "eps_actual": 0.0012401085944881163,
      "eps_estimate": 0.0012151372786500174,
      "surprise_percent": 2.055020142731634,
      "price_on_date": 0.3650271373111735,
      "revenue_growth": -9.135756436410142,
      "earnings_growth": -12.793276987318462
    },
    {
      "date": "2024-08-02",
      "quarter": "Q3 2024",
      "revenue": 87352497.76899655,
      "earnings": 5283549.148146349,
      "eps_actual": 0.0011781031647637103,
      "eps_estimate": 0.001157548984933605,
      "surprise_percent": 1.7756639328126826,
      "price_on_date": 0.33733339131080603,
      "revenue_growth": -8.955311552227382,
      "earnings_growth": -8.401397990159955
    },
    {
      "date": "2024-05-04",
      "quarter": "Q2 2024",
      "revenue": 82984872.88054672,
      "earnings": 5019371.690739031,
      "eps_actual": 0.0011191980065255248,
      "eps_estimate": 0.0010911229075405342,
      "surprise_percent": 2.5730464268478954,
      "price_on_date": 0.3134350448225364,
      "revenue_growth": -10.051297735149817,
      "earnings_growth": -9.66414431203103
    },
    {
      "date": "2024-02-04",
      "quarter": "Q1 2024",
      "revenue": 78835629.23651938,
      "earnings": 4768403.106202079,
      "eps_actual": 0.0010632381061992484,
      "eps_estimate": 0.0010750039801257557,
      "surprise_percent": -1.0944958478322002,
      "price_on_date": 0.3265676434619016,
      "revenue_growth": -12.148219196805803,
      "earnings_growth": -11.563722240441283
    },
    {
      "date": "2023-11-06",
      "quarter": "Q4 2023",
      "revenue": 74893847.7746934,
      "earnings": 4529982.950891974,
      "eps_actual": 0.0010100762008892858,
      "eps_estimate": 0.0009750282074431432,
      "surprise_percent": 3.5945620012420347,
      "price_on_date": 0.29177904530950416,
      "revenue_growth": -11.173620848620224,
      "earnings_growth": -12.92806875951499
    }
  ],
  "metrics": {
    "revenue_trend": [
      {
        "date": "2025-07-28",
        "value": 107245951.48164494
      },
      {
        "date": "2025-04-29",
        "value": 101883653.90756269
      },
      {
        "date": "2025-01-29",
        "value": 96789471.21218456
      },
      {
        "date": "2024-10-31",
        "value": 91949997.65157533
      },
      {
        "date": "2024-08-02",
        "value": 87352497.76899655
      },
      {
        "date": "2024-05-04",
        "value": 82984872.88054672
      },
      {
        "date": "2024-02-04",
        "value": 78835629.23651938
      },
      {
        "date": "2023-11-06",
        "value": 74893847.7746934
      }
    ],
    "eps_trend": [
      {
        "date": "2025-07-28",
        "value": 0.0014464016264623021
      },
      {
        "date": "2025-04-29",
        "value": 0.001374081545139187
      },
      {
        "date": "2025-01-29",
        "value": 0.0013053774678822277
      },
      {
        "date": "2024-10-31",
        "value": 0.0012401085944881163
      },
      {
        "date": "2024-08-02",
        "value": 0.0011781031647637103
      },
      {
        "date": "2024-05-04",
        "value": 0.0011191980065255248
      },
      {
        "date": "2024-02-04",
        "value": 0.0010632381061992484
      },
      {
        "date": "2023-11-06",
        "value": 0.0010100762008892858
      }
    ],
    "earnings_dates": [
      "2025-07-28",
      "2025-04-29",
      "2025-01-29",
      "2024-10-31",
      "2024-08-02",
      "2024-05-04",
      "2024-02-04",
      "2023-11-06"
    ]
  },
  "analysis": {
    "avg_revenue_growth": -9.407649806903606,
    "avg_earnings_surprise": 2.928237599242656,
    "consistency_score": 72,
    "trend_direction": "declining"
  }
}