{
  "ticker": "ENPH",
  "quarters": [
    {
      "date": "2025-07-28",
      "quarter": "Q3 2025",
      "revenue": 62264904.53999809,
      "earnings": 10692265.456606843,
      "eps_actual": 0.026990920368251528,
      "eps_estimate": 0.02741853945141419,
      "surprise_percent": -1.5595983291539102,
      "price_on_date": 4.631327329527754,
      "revenue_growth": -4.807236800317285,
      "earnings_growth": -4.762336395530308
    },
    {
      "date": "2025-04-29",
      "quarter": "Q2 2025",
      "revenue": 59151659.31299818,
      "earnings": 10157652.1837765,
      "eps_actual": 0.02564137434983895,
      "eps_estimate": 0.024962677109376982,
      "surprise_percent": 2.718847972467756,
      "price_on_date": 3.9369256086782243,
      "revenue_growth": -4.032465111134837,
      "earnings_growth": -4.347870658556343
    },
    {
      "date": "2025-01-29",
      "quarter": "Q1 2025",
      "revenue": 56194076.34734827,
      "earnings": 9649769.574587675,
      "eps_actual": 0.024359305632347002,
      "eps_estimate": 0.02385390787270132,
      "surprise_percent": 2.118721017716614,
      "price_on_date": 3.90155517047829,
      "revenue_growth": -5.034561480981214,
      "earnings_growth": -3.2783686156339766
    },
    {
      "date": "2024-10-31",
      "quarter": "Q4 2024",
      "revenue": 53384372.52998085,
      "earnings": 9167281.095858289,
      "eps_actual": 0.023141340350729647,
      "eps_estimate": 0.022305459109198067,
      "surprise_percent": 3.7474289923352826,
      "price_on_date": 3.628048188821992,
      "revenue_growth": -3.490109895090181,
      "earnings_growth": -4.090127483037614
    },
    {
      "date": "2024-08-02",
      "quarter": "Q3 2024",
      "revenue": 50715153.90348181,
      "earnings": 8708917.041065374,
      "eps_actual": 0.021984273333193166,
      "eps_estimate": 0.022367414709474672,
      "surprise_percent": -1.712944393699689,
      "price_on_date": 3.411149392276325,
      "revenue_growth": -3.5155836589691383,
      "earnings_growth": -3.353350259425482
    },
    {
      "date": "2024-05-04",
      "quarter": "Q2 2024",
      "revenue": 48179396.20830771,
      "earnings": 8273471.189012105,
      "eps_actual": 0.020885059666533503,
      "eps_estimate": 0.02054560915173333,
      "surprise_percent": 1.65218033835485,
      "price_on_date": 3.1836224425427826,
      "revenue_growth": -3.902149630302867,
      "earnings_growth": -3.7254180893274818
    },
    {
      "date": "2024-02-04",
      "quarter": "Q1 2024",
      "revenue": 45770426.39789233,
      "earnings": 7859797.629561501,
      "eps_actual": 0.019840806683206834,
      "eps_estimate": 0.019138216985105386,
      "surprise_percent": 3.671134561010827,
      "price_on_date": 2.9616966795650046,
      "revenue_growth": -4.0458427711477745,
      "earnings_growth": -3.066271856061602
    },
    {
      "date": "2023-11-06",
      "quarter": "Q4 2023",
      "revenue": 43481905.07799771,
      "earnings": 7466807.748083424,
      "eps_actual": 0.018848766349046486,
      "eps_estimate": 0.019171989980069037,
      "surprise_percent": -1.685915918788662,
      "price_on_date": 2.8463283398488817,
      "revenue_growth": -4.102158746032918,
      "earnings_growth": -3.827301804349308
    }
  ],
  "metrics": {
    "revenue_trend": [
      {
        "date": "2025-07-28",
        "value": 62264904.53999809
      },
      {
        "date": "2025-04-29",
        "value": 59151659.31299818
      },
      {
        "date": "2025-01-29",
        "value": 56194076.34734827
      },
      {
        "date": "2024-10-31",
        "value": 53384372.52998085
      },
      {
        "date": "2024-08-02",
        "value": 50715153.90348181
      },
      {
        "date": "2024-05-04",
        "value": 48179396.20830771
      },
      {
        "date": "2024-02-04",
        "value": 45770426.39789233
      },
      {
        "date": "2023-11-06",
        "value": 43481905.07799771
      }
    ],
    "eps_trend": [
      {
        "date": "2025-07-28",
        "value": 0.026990920368251528
      },
      {
        "date": "2025-04-29",
        "value": 0.02564137434983895
      },
      {
        "date": "2025-01-29",
        "value": 0.024359305632347002
      },
      {
        "date": "2024-10-31",
        "value": 0.023141340350729647
      },
      {
        "date": "2024-08-02",
        "value": 0.021984273333193166
      },
      {
        "date": "2024-05-04",
        "value": 0.020885059666533503
      },
      {
        "date": "2024-02-04",
        "value": 0.019840806683206834
      },
      {
        "date": "2023-11-06",
        "value": 0.018848766349046486
      }
    ],
    "earnings_dates": [
      "2025-07-28",
      "2025-04-29",
      "2025-01-29",
      "2024-10-31",
      "2024-08-02",
      "2024-05-04",
      "2024-02-04",
      "2023-11-06"
    ]
  },
  "analysis": {
    "avg_revenue_growth": -4.341093321880879,
    "avg_earnings_surprise": 1.7563499133414355,
    "consistency_score": 80,
    "trend_direction": "stable"
  }
}