{
  "ticker": "EOG",
  "quarters": [
    {
      "date": "2025-07-28",
      "quarter": "Q3 2025",
      "revenue": 2361083857.0175934,
      "earnings": 361121683.2579842,
      "eps_actual": 0.13732755044976463,
      "eps_estimate": 0.13969950769375486,
      "surprise_percent": -1.6978995009702964,
      "price_on_date": 29.081771893057496,
      "revenue_growth": 17.39398852404783,
      "earnings_growth": 21.119211566130776
    },
    {
      "date": "2025-04-29",
      "quarter": "Q2 2025",
      "revenue": 2243029664.1667137,
      "earnings": 343065599.095085,
      "eps_actual": 0.1304611729272764,
      "eps_estimate": 0.12831618434217854,
      "surprise_percent": 1.6716430558579187,
      "price_on_date": 30.018457834242216,
      "revenue_growth": 18.639994850952345,
      "earnings_growth": 15.334371725732058
    },
    {
      "date": "2025-01-29",
      "quarter": "Q1 2025",
      "revenue": 2130878180.9583778,
      "earnings": 325912319.14033073,
      "eps_actual": 0.12393811428091257,
      "eps_estimate": 0.1262047475581191,
      "surprise_percent": -1.7959968393128176,
      "price_on_date": 28.852565197155965,
      "revenue_growth": 21.268878262046638,
      "earnings_growth": 22.14584952487505
    },
    {
      "date": "2024-10-31",
      "quarter": "Q4 2024",
      "revenue": 2024334271.9104588,
      "earnings": 309616703.18331414,
      "eps_actual": 0.11774120856686693,
      "eps_estimate": 0.11915578976526084,
      "surprise_percent": -1.1871695040422812,
      "price_on_date": 28.659851622613058,
      "revenue_growth": 16.286929677522295,
      "earnings_growth": 15.010008683574451
    },
    {
      "date": "2024-08-02",
      "quarter": "Q3 2024",
      "revenue": 1923117558.314936,
      "earnings": 294135868.02414846,
      "eps_actual": 0.1118541481385236,
      "eps_estimate": 0.11332584263618972,
      "surprise_percent": -1.2986398013299678,
      "price_on_date": 25.698718630508967,
      "revenue_growth": 16.811110697565045,
      "earnings_growth": 22.257041004282154
    },
    {
      "date": "2024-05-04",
      "quarter": "Q2 2024",
      "revenue": 1826961680.3991888,
      "earnings": 279429074.622941,
      "eps_actual": 0.1062614407315974,
      "eps_estimate": 0.10688053460582243,
      "surprise_percent": -0.5792391257287939,
      "price_on_date": 24.680234478219774,
      "revenue_growth": 18.25003506005394,
      "earnings_growth": 17.231592043740815
    },
    {
      "date": "2024-02-04",
      "quarter": "Q1 2024",
      "revenue": 1735613596.3792293,
      "earnings": 265457620.89179394,
      "eps_actual": 0.10094836869501753,
      "eps_estimate": 0.0971964434401736,
      "surprise_percent": 3.8601466494536023,
      "price_on_date": 21.804783057765157,
      "revenue_growth": 19.989145311565583,
      "earnings_growth": 18.480871696499655
    },
    {
      "date": "2023-11-06",
      "quarter": "Q4 2023",
      "revenue": 1648832916.5602677,
      "earnings": 252184739.8472042,
      "eps_actual": 0.09590095026026663,
      "eps_estimate": 0.09152089133006615,
      "surprise_percent": 4.7858569410168705,
      "price_on_date": 21.59645374720654,
      "revenue_growth": 22.64526912534962,
      "earnings_growth": 15.030345188308706
    }
  ],
  "metrics": {
    "revenue_trend": [
      {
        "date": "2025-07-28",
        "value": 2361083857.0175934
      },
      {
        "date": "2025-04-29",
        "value": 2243029664.1667137
      },
      {
        "date": "2025-01-29",
        "value": 2130878180.9583778
      },
      {
        "date": "2024-10-31",
        "value": 2024334271.9104588
      },
      {
        "date": "2024-08-02",
        "value": 1923117558.314936
      },
      {
        "date": "2024-05-04",
        "value": 1826961680.3991888
      },
      {
        "date": "2024-02-04",
        "value": 1735613596.3792293
      },
      {
        "date": "2023-11-06",
        "value": 1648832916.5602677
      }
    ],
    "eps_trend": [
      {
        "date": "2025-07-28",
        "value": 0.13732755044976463
      },
      {
        "date": "2025-04-29",
        "value": 0.1304611729272764
      },
      {
        "date": "2025-01-29",
        "value": 0.12393811428091257
      },
      {
        "date": "2024-10-31",
        "value": 0.11774120856686693
      },
      {
        "date": "2024-08-02",
        "value": 0.1118541481385236
      },
      {
        "date": "2024-05-04",
        "value": 0.1062614407315974
      },
      {
        "date": "2024-02-04",
        "value": 0.10094836869501753
      },
      {
        "date": "2023-11-06",
        "value": 0.09590095026026663
      }
    ],
    "earnings_dates": [
      "2025-07-28",
      "2025-04-29",
      "2025-01-29",
      "2024-10-31",
      "2024-08-02",
      "2024-05-04",
      "2024-02-04",
      "2023-11-06"
    ]
  },
  "analysis": {
    "avg_revenue_growth": 18.397447828642278,
    "avg_earnings_surprise": -0.7523556971168691,
    "consistency_score": 61,
    "trend_direction": "growing"
  }
}