{
  "ticker": "EPAM",
  "quarters": [
    {
      "date": "2025-07-28",
      "quarter": "Q3 2025",
      "revenue": 30579979.378978275,
      "earnings": 2219605.305608391,
      "eps_actual": 0.0004590121368978323,
      "eps_estimate": 0.00044439660144023936,
      "surprise_percent": 3.288849511950725,
      "price_on_date": 0.39177902503586914,
      "revenue_growth": -11.344393590890146,
      "earnings_growth": -8.829878188803015
    },
    {
      "date": "2025-04-29",
      "quarter": "Q2 2025",
      "revenue": 29050980.41002936,
      "earnings": 2108625.0403279713,
      "eps_actual": 0.0004360615300529407,
      "eps_estimate": 0.0004343263693280381,
      "surprise_percent": 0.3995061887647062,
      "price_on_date": 0.3652177293881284,
      "revenue_growth": -14.177149125742986,
      "earnings_growth": -15.358930220655784
    },
    {
      "date": "2025-01-29",
      "quarter": "Q1 2025",
      "revenue": 27598431.38952789,
      "earnings": 2003193.7883115725,
      "eps_actual": 0.0004142584535502936,
      "eps_estimate": 0.00040320702444569833,
      "surprise_percent": 2.7408820865132553,
      "price_on_date": 0.3340618013176196,
      "revenue_growth": -12.137999199543476,
      "earnings_growth": -15.079214780266431
    },
    {
      "date": "2024-10-31",
      "quarter": "Q4 2024",
      "revenue": 26218509.820051495,
      "earnings": 1903034.0988959938,
      "eps_actual": 0.0003935455308727789,
      "eps_estimate": 0.000397457606295439,
      "surprise_percent": -0.9842748913835526,
      "price_on_date": 0.30973105860050065,
      "revenue_growth": -12.042217002853965,
      "earnings_growth": -9.997558269003532
    },
    {
      "date": "2024-08-02",
      "quarter": "Q3 2024",
      "revenue": 24907584.32904892,
      "earnings": 1807882.3939511941,
      "eps_actual": 0.00037386825432913996,
      "eps_estimate": 0.0003724464509928098,
      "surprise_percent": 0.38174704915032653,
      "price_on_date": 0.3160641757469959,
      "revenue_growth": -10.889061819038314,
      "earnings_growth": -14.776612205175388
    },
    {
      "date": "2024-05-04",
      "quarter": "Q2 2024",
      "revenue": 23662205.11259647,
      "earnings": 1717488.2742536343,
      "eps_actual": 0.00035517484161268296,
      "eps_estimate": 0.0003447219168904469,
      "surprise_percent": 3.0322773836158516,
      "price_on_date": 0.3017240889441651,
      "revenue_growth": -10.667716509513342,
      "earnings_growth": -10.270204298066092
    },
    {
      "date": "2024-02-04",
      "quarter": "Q1 2024",
      "revenue": 22479094.85696665,
      "earnings": 1631613.8605409525,
      "eps_actual": 0.0003374160995320488,
      "eps_estimate": 0.00033566094375791567,
      "surprise_percent": 0.5228954415974458,
      "price_on_date": 0.3026722323088189,
      "revenue_growth": -14.540487012272786,
      "earnings_growth": -14.506925913919927
    },
    {
      "date": "2023-11-06",
      "quarter": "Q4 2023",
      "revenue": 21355140.11411831,
      "earnings": 1550033.1675139046,
      "eps_actual": 0.00032054529455544627,
      "eps_estimate": 0.00032420355752857107,
      "surprise_percent": -1.128384586835513,
      "price_on_date": 0.3001004816080011,
      "revenue_growth": -11.14875076483085,
      "earnings_growth": -14.331750822907331
    }
  ],
  "metrics": {
    "revenue_trend": [
      {
        "date": "2025-07-28",
        "value": 30579979.378978275
      },
      {
        "date": "2025-04-29",
        "value": 29050980.41002936
      },
      {
        "date": "2025-01-29",
        "value": 27598431.38952789
      },
      {
        "date": "2024-10-31",
        "value": 26218509.820051495
      },
      {
        "date": "2024-08-02",
        "value": 24907584.32904892
      },
      {
        "date": "2024-05-04",
        "value": 23662205.11259647
      },
      {
        "date": "2024-02-04",
        "value": 22479094.85696665
      },
      {
        "date": "2023-11-06",
        "value": 21355140.11411831
      }
    ],
    "eps_trend": [
      {
        "date": "2025-07-28",
        "value": 0.0004590121368978323
      },
      {
        "date": "2025-04-29",
        "value": 0.0004360615300529407
      },
      {
        "date": "2025-01-29",
        "value": 0.0004142584535502936
      },
      {
        "date": "2024-10-31",
        "value": 0.0003935455308727789
      },
      {
        "date": "2024-08-02",
        "value": 0.00037386825432913996
      },
      {
        "date": "2024-05-04",
        "value": 0.00035517484161268296
      },
      {
        "date": "2024-02-04",
        "value": 0.0003374160995320488
      },
      {
        "date": "2023-11-06",
        "value": 0.00032054529455544627
      }
    ],
    "earnings_dates": [
      "2025-07-28",
      "2025-04-29",
      "2025-01-29",
      "2024-10-31",
      "2024-08-02",
      "2024-05-04",
      "2024-02-04",
      "2023-11-06"
    ]
  },
  "analysis": {
    "avg_revenue_growth": -12.425439729757644,
    "avg_earnings_surprise": 1.3612407239612834,
    "consistency_score": 81,
    "trend_direction": "declining"
  }
}