{
  "ticker": "EQIX",
  "quarters": [
    {
      "date": "2025-07-28",
      "quarter": "Q3 2025",
      "revenue": 1364541625.0224066,
      "earnings": 91557998.77205658,
      "eps_actual": 0.05908842355406262,
      "eps_estimate": 0.056412975333682884,
      "surprise_percent": 4.742611437447603,
      "price_on_date": 22.249769369882937,
      "revenue_growth": -0.5342037683531933,
      "earnings_growth": -0.4926491507395436
    },
    {
      "date": "2025-04-29",
      "quarter": "Q2 2025",
      "revenue": 1296314543.7712862,
      "earnings": 86980098.83345376,
      "eps_actual": 0.0561340023763595,
      "eps_estimate": 0.05466462380249189,
      "surprise_percent": 2.6879880838046337,
      "price_on_date": 23.26994227641206,
      "revenue_growth": -0.6172887556490297,
      "earnings_growth": -0.5660458175187141
    },
    {
      "date": "2025-01-29",
      "quarter": "Q1 2025",
      "revenue": 1231498816.582722,
      "earnings": 82631093.89178106,
      "eps_actual": 0.05332730225754152,
      "eps_estimate": 0.05120718429840916,
      "surprise_percent": 4.1402744325433,
      "price_on_date": 23.271283769989275,
      "revenue_growth": -0.5936279342227603,
      "earnings_growth": -0.7927463370789369
    },
    {
      "date": "2024-10-31",
      "quarter": "Q4 2024",
      "revenue": 1169923875.7535856,
      "earnings": 78499539.197192,
      "eps_actual": 0.050660937144664436,
      "eps_estimate": 0.04887610227614489,
      "surprise_percent": 3.6517536902501266,
      "price_on_date": 22.369415653875297,
      "revenue_growth": -0.5148015447881092,
      "earnings_growth": -0.694093879308103
    },
    {
      "date": "2024-08-02",
      "quarter": "Q3 2024",
      "revenue": 1111427681.9659064,
      "earnings": 74574562.2373324,
      "eps_actual": 0.04812789028743122,
      "eps_estimate": 0.04607172494905144,
      "surprise_percent": 4.4629658226463,
      "price_on_date": 19.061337385268548,
      "revenue_growth": -0.6077330508255868,
      "earnings_growth": -0.764798823529201
    },
    {
      "date": "2024-05-04",
      "quarter": "Q2 2024",
      "revenue": 1055856297.8676109,
      "earnings": 70845834.12546578,
      "eps_actual": 0.04572149577305966,
      "eps_estimate": 0.0453507647491632,
      "surprise_percent": 0.8174746907731054,
      "price_on_date": 18.82652354593594,
      "revenue_growth": -0.5429552807271263,
      "earnings_growth": -0.6286049859639794
    },
    {
      "date": "2024-02-04",
      "quarter": "Q1 2024",
      "revenue": 1003063482.9742304,
      "earnings": 67303542.4191925,
      "eps_actual": 0.04343542098440668,
      "eps_estimate": 0.04230307128533418,
      "surprise_percent": 2.6767552914416104,
      "price_on_date": 17.63177729605007,
      "revenue_growth": -0.6279743324587427,
      "earnings_growth": -0.6845815843870143
    },
    {
      "date": "2023-11-06",
      "quarter": "Q4 2023",
      "revenue": 952910308.8255187,
      "earnings": 63938365.29823285,
      "eps_actual": 0.04126364993518633,
      "eps_estimate": 0.04195971731944954,
      "surprise_percent": -1.6588943604263964,
      "price_on_date": 16.706527485884127,
      "revenue_growth": -0.6178258711021531,
      "earnings_growth": -0.5512783330483623
    }
  ],
  "metrics": {
    "revenue_trend": [
      {
        "date": "2025-07-28",
        "value": 1364541625.0224066
      },
      {
        "date": "2025-04-29",
        "value": 1296314543.7712862
      },
      {
        "date": "2025-01-29",
        "value": 1231498816.582722
      },
      {
        "date": "2024-10-31",
        "value": 1169923875.7535856
      },
      {
        "date": "2024-08-02",
        "value": 1111427681.9659064
      },
      {
        "date": "2024-05-04",
        "value": 1055856297.8676109
      },
      {
        "date": "2024-02-04",
        "value": 1003063482.9742304
      },
      {
        "date": "2023-11-06",
        "value": 952910308.8255187
      }
    ],
    "eps_trend": [
      {
        "date": "2025-07-28",
        "value": 0.05908842355406262
      },
      {
        "date": "2025-04-29",
        "value": 0.0561340023763595
      },
      {
        "date": "2025-01-29",
        "value": 0.05332730225754152
      },
      {
        "date": "2024-10-31",
        "value": 0.050660937144664436
      },
      {
        "date": "2024-08-02",
        "value": 0.04812789028743122
      },
      {
        "date": "2024-05-04",
        "value": 0.04572149577305966
      },
      {
        "date": "2024-02-04",
        "value": 0.04343542098440668
      },
      {
        "date": "2023-11-06",
        "value": 0.04126364993518633
      }
    ],
    "earnings_dates": [
      "2025-07-28",
      "2025-04-29",
      "2025-01-29",
      "2024-10-31",
      "2024-08-02",
      "2024-05-04",
      "2024-02-04",
      "2023-11-06"
    ]
  },
  "analysis": {
    "avg_revenue_growth": -0.5649805007532731,
    "avg_earnings_surprise": 3.805656911011416,
    "consistency_score": 88,
    "trend_direction": "stable"
  }
}