{
  "ticker": "EQR",
  "quarters": [
    {
      "date": "2025-07-28",
      "quarter": "Q3 2025",
      "revenue": 88683125.0665984,
      "earnings": 3117920.2815026767,
      "eps_actual": 0.0007522902778901477,
      "eps_estimate": 0.0007599521245139811,
      "surprise_percent": -1.0082012243512617,
      "price_on_date": 0.4037118392605726,
      "revenue_growth": 38.287408757002694,
      "earnings_growth": 55.57976242005515
    },
    {
      "date": "2025-04-29",
      "quarter": "Q2 2025",
      "revenue": 84248968.81326848,
      "earnings": 2962024.2674275427,
      "eps_actual": 0.0007146757639956402,
      "eps_estimate": 0.000681942448263985,
      "surprise_percent": 4.800011469440582,
      "price_on_date": 0.34711648623301394,
      "revenue_growth": 49.48289404291053,
      "earnings_growth": 51.73367449836588
    },
    {
      "date": "2025-01-29",
      "quarter": "Q1 2025",
      "revenue": 80036520.37260506,
      "earnings": 2813923.0540561657,
      "eps_actual": 0.0006789419757958582,
      "eps_estimate": 0.0006527755637198301,
      "surprise_percent": 4.008485232951934,
      "price_on_date": 0.34934680128201734,
      "revenue_growth": 51.47870184826616,
      "earnings_growth": 57.377326879714744
    },
    {
      "date": "2024-10-31",
      "quarter": "Q4 2024",
      "revenue": 76034694.35397479,
      "earnings": 2673226.901353357,
      "eps_actual": 0.0006449948770060652,
      "eps_estimate": 0.0006253920045183225,
      "surprise_percent": 3.1344936209795113,
      "price_on_date": 0.33309502731408974,
      "revenue_growth": 48.61542531480245,
      "earnings_growth": 48.30816269778727
    },
    {
      "date": "2024-08-02",
      "quarter": "Q3 2024",
      "revenue": 72232959.63627605,
      "earnings": 2539565.556285689,
      "eps_actual": 0.000612745133155762,
      "eps_estimate": 0.0005866331211143951,
      "surprise_percent": 4.451165660705153,
      "price_on_date": 0.3503056585593569,
      "revenue_growth": 55.62473642100337,
      "earnings_growth": 58.02173770144445
    },
    {
      "date": "2024-05-04",
      "quarter": "Q2 2024",
      "revenue": 68621311.65446223,
      "earnings": 2412587.278471404,
      "eps_actual": 0.0005821078764979738,
      "eps_estimate": 0.0005858100789686942,
      "surprise_percent": -0.6319799886744907,
      "price_on_date": 0.30487211489417027,
      "revenue_growth": 48.76581576501582,
      "earnings_growth": 43.93921405911131
    },
    {
      "date": "2024-02-04",
      "quarter": "Q1 2024",
      "revenue": 65190246.07173913,
      "earnings": 2291957.914547834,
      "eps_actual": 0.0005530024826730751,
      "eps_estimate": 0.000540737034589155,
      "surprise_percent": 2.2682833427969786,
      "price_on_date": 0.3135683711905447,
      "revenue_growth": 50.47264670082435,
      "earnings_growth": 60.20583895105456
    },
    {
      "date": "2023-11-06",
      "quarter": "Q4 2023",
      "revenue": 61930733.76815216,
      "earnings": 2177360.018820442,
      "eps_actual": 0.0005253523585394212,
      "eps_estimate": 0.0005320026264634775,
      "surprise_percent": -1.2500441902447699,
      "price_on_date": 0.29295333828939474,
      "revenue_growth": 49.34425722588283,
      "earnings_growth": 59.33005979168046
    }
  ],
  "metrics": {
    "revenue_trend": [
      {
        "date": "2025-07-28",
        "value": 88683125.0665984
      },
      {
        "date": "2025-04-29",
        "value": 84248968.81326848
      },
      {
        "date": "2025-01-29",
        "value": 80036520.37260506
      },
      {
        "date": "2024-10-31",
        "value": 76034694.35397479
      },
      {
        "date": "2024-08-02",
        "value": 72232959.63627605
      },
      {
        "date": "2024-05-04",
        "value": 68621311.65446223
      },
      {
        "date": "2024-02-04",
        "value": 65190246.07173913
      },
      {
        "date": "2023-11-06",
        "value": 61930733.76815216
      }
    ],
    "eps_trend": [
      {
        "date": "2025-07-28",
        "value": 0.0007522902778901477
      },
      {
        "date": "2025-04-29",
        "value": 0.0007146757639956402
      },
      {
        "date": "2025-01-29",
        "value": 0.0006789419757958582
      },
      {
        "date": "2024-10-31",
        "value": 0.0006449948770060652
      },
      {
        "date": "2024-08-02",
        "value": 0.000612745133155762
      },
      {
        "date": "2024-05-04",
        "value": 0.0005821078764979738
      },
      {
        "date": "2024-02-04",
        "value": 0.0005530024826730751
      },
      {
        "date": "2023-11-06",
        "value": 0.0005253523585394212
      }
    ],
    "earnings_dates": [
      "2025-07-28",
      "2025-04-29",
      "2025-01-29",
      "2024-10-31",
      "2024-08-02",
      "2024-05-04",
      "2024-02-04",
      "2023-11-06"
    ]
  },
  "analysis": {
    "avg_revenue_growth": 46.96610749074546,
    "avg_earnings_surprise": 2.7336972747551913,
    "consistency_score": 93,
    "trend_direction": "growing"
  }
}