{
  "ticker": "EQT",
  "quarters": [
    {
      "date": "2025-07-28",
      "quarter": "Q3 2025",
      "revenue": 100136109.00575389,
      "earnings": 6626464.249301457,
      "eps_actual": 0.0015504160380422297,
      "eps_estimate": 0.001507332432515706,
      "surprise_percent": 2.858268328680357,
      "price_on_date": 0.16222282381196285,
      "revenue_growth": 1.8550488787447335,
      "earnings_growth": 1.7950787550443994
    },
    {
      "date": "2025-04-29",
      "quarter": "Q2 2025",
      "revenue": 95129303.55546619,
      "earnings": 6295141.036836383,
      "eps_actual": 0.001472895236140118,
      "eps_estimate": 0.0014526404077770266,
      "surprise_percent": 1.394345651866267,
      "price_on_date": 0.17902031668457966,
      "revenue_growth": 2.191139046733694,
      "earnings_growth": 1.4120416800965836
    },
    {
      "date": "2025-01-29",
      "quarter": "Q1 2025",
      "revenue": 90372838.37769288,
      "earnings": 5980383.984994564,
      "eps_actual": 0.0013992504743331122,
      "eps_estimate": 0.0013859674087637944,
      "surprise_percent": 0.9583966755153013,
      "price_on_date": 0.17191167319659115,
      "revenue_growth": 1.693794659277913,
      "earnings_growth": 2.457220899727872
    },
    {
      "date": "2024-10-31",
      "quarter": "Q4 2024",
      "revenue": 85854196.45880823,
      "earnings": 5681364.785744836,
      "eps_actual": 0.0013292879506164566,
      "eps_estimate": 0.0012837920545231548,
      "surprise_percent": 3.5438680223177212,
      "price_on_date": 0.16054716469447794,
      "revenue_growth": 1.8585247147190078,
      "earnings_growth": 2.543099747079706
    },
    {
      "date": "2024-08-02",
      "quarter": "Q3 2024",
      "revenue": 81561486.63586782,
      "earnings": 5397296.546457594,
      "eps_actual": 0.0012628235530856339,
      "eps_estimate": 0.0012288273748093353,
      "surprise_percent": 2.7665544382565055,
      "price_on_date": 0.14182451232002982,
      "revenue_growth": 1.6922574723631774,
      "earnings_growth": 2.518769117481979
    },
    {
      "date": "2024-05-04",
      "quarter": "Q2 2024",
      "revenue": 77483412.30407442,
      "earnings": 5127431.7191347135,
      "eps_actual": 0.001199682375431352,
      "eps_estimate": 0.0011594521150736976,
      "surprise_percent": 3.4697647134049325,
      "price_on_date": 0.1356591882780479,
      "revenue_growth": 1.7316037024761202,
      "earnings_growth": 2.0102735891092984
    },
    {
      "date": "2024-02-04",
      "quarter": "Q1 2024",
      "revenue": 73609241.6888707,
      "earnings": 4871060.133177978,
      "eps_actual": 0.0011396982566597843,
      "eps_estimate": 0.0011407168078308469,
      "surprise_percent": -0.08929045001093616,
      "price_on_date": 0.14005364880197124,
      "revenue_growth": 2.149695720471501,
      "earnings_growth": 2.058682998339024
    },
    {
      "date": "2023-11-06",
      "quarter": "Q4 2023",
      "revenue": 69928779.60442716,
      "earnings": 4627507.126519078,
      "eps_actual": 0.0010827133438267948,
      "eps_estimate": 0.001100040823661962,
      "surprise_percent": -1.5751669813021272,
      "price_on_date": 0.11971321172125036,
      "revenue_growth": 1.9555280427697392,
      "earnings_growth": 1.5163156893792633
    }
  ],
  "metrics": {
    "revenue_trend": [
      {
        "date": "2025-07-28",
        "value": 100136109.00575389
      },
      {
        "date": "2025-04-29",
        "value": 95129303.55546619
      },
      {
        "date": "2025-01-29",
        "value": 90372838.37769288
      },
      {
        "date": "2024-10-31",
        "value": 85854196.45880823
      },
      {
        "date": "2024-08-02",
        "value": 81561486.63586782
      },
      {
        "date": "2024-05-04",
        "value": 77483412.30407442
      },
      {
        "date": "2024-02-04",
        "value": 73609241.6888707
      },
      {
        "date": "2023-11-06",
        "value": 69928779.60442716
      }
    ],
    "eps_trend": [
      {
        "date": "2025-07-28",
        "value": 0.0015504160380422297
      },
      {
        "date": "2025-04-29",
        "value": 0.001472895236140118
      },
      {
        "date": "2025-01-29",
        "value": 0.0013992504743331122
      },
      {
        "date": "2024-10-31",
        "value": 0.0013292879506164566
      },
      {
        "date": "2024-08-02",
        "value": 0.0012628235530856339
      },
      {
        "date": "2024-05-04",
        "value": 0.001199682375431352
      },
      {
        "date": "2024-02-04",
        "value": 0.0011396982566597843
      },
      {
        "date": "2023-11-06",
        "value": 0.0010827133438267948
      }
    ],
    "earnings_dates": [
      "2025-07-28",
      "2025-04-29",
      "2025-01-29",
      "2024-10-31",
      "2024-08-02",
      "2024-05-04",
      "2024-02-04",
      "2023-11-06"
    ]
  },
  "analysis": {
    "avg_revenue_growth": 1.899626824868837,
    "avg_earnings_surprise": 2.1887196695949114,
    "consistency_score": 90,
    "trend_direction": "stable"
  }
}