{
  "ticker": "ERIE",
  "quarters": [
    {
      "date": "2025-07-28",
      "quarter": "Q3 2025",
      "revenue": 40441282.21383045,
      "earnings": 7273369.7862286,
      "eps_actual": 0.006458876058972595,
      "eps_estimate": 0.006486992462163856,
      "surprise_percent": -0.4334274065409163,
      "price_on_date": 1.1424581819864337,
      "revenue_growth": 6.864672668563389,
      "earnings_growth": 4.361603362226979
    },
    {
      "date": "2025-04-29",
      "quarter": "Q2 2025",
      "revenue": 38419218.10313892,
      "earnings": 6909701.296917169,
      "eps_actual": 0.006135932256023964,
      "eps_estimate": 0.006010190451918623,
      "surprise_percent": 2.092143420599948,
      "price_on_date": 1.172651053490684,
      "revenue_growth": 5.553016671082106,
      "earnings_growth": 6.909138133660388
    },
    {
      "date": "2025-01-29",
      "quarter": "Q1 2025",
      "revenue": 36498257.197981976,
      "earnings": 6564216.232071311,
      "eps_actual": 0.005829135643222766,
      "eps_estimate": 0.005623546193837583,
      "surprise_percent": 3.6558684200100022,
      "price_on_date": 1.1305661516070817,
      "revenue_growth": 4.922473347020323,
      "earnings_growth": 5.684640118758284
    },
    {
      "date": "2024-10-31",
      "quarter": "Q4 2024",
      "revenue": 34673344.33808288,
      "earnings": 6236005.4204677455,
      "eps_actual": 0.005537678861061628,
      "eps_estimate": 0.005495207056333692,
      "surprise_percent": 0.7728881604012263,
      "price_on_date": 1.1277496433018461,
      "revenue_growth": 6.417551615456948,
      "earnings_growth": 5.075089388597994
    },
    {
      "date": "2024-08-02",
      "quarter": "Q3 2024",
      "revenue": 32939677.12117873,
      "earnings": 5924205.1494443575,
      "eps_actual": 0.005260794918008546,
      "eps_estimate": 0.005229260495115414,
      "surprise_percent": 0.603037904166136,
      "price_on_date": 1.0677000519574933,
      "revenue_growth": 6.524857787785728,
      "earnings_growth": 5.281024729718277
    },
    {
      "date": "2024-05-04",
      "quarter": "Q2 2024",
      "revenue": 31292693.26511979,
      "earnings": 5627994.8919721395,
      "eps_actual": 0.004997755172108118,
      "eps_estimate": 0.004750535761987761,
      "surprise_percent": 5.20403218724351,
      "price_on_date": 1.0312071075481106,
      "revenue_growth": 5.8931592990488,
      "earnings_growth": 5.430810634009555
    },
    {
      "date": "2024-02-04",
      "quarter": "Q1 2024",
      "revenue": 29728058.6018638,
      "earnings": 5346595.147373532,
      "eps_actual": 0.004747867413502712,
      "eps_estimate": 0.004593556223298735,
      "surprise_percent": 3.3592968650585737,
      "price_on_date": 0.913897729866968,
      "revenue_growth": 5.292249192225838,
      "earnings_growth": 6.079536387107337
    },
    {
      "date": "2023-11-06",
      "quarter": "Q4 2023",
      "revenue": 28241655.67177061,
      "earnings": 5079265.390004856,
      "eps_actual": 0.004510474042827577,
      "eps_estimate": 0.004466031899200942,
      "surprise_percent": 0.995114782646019,
      "price_on_date": 0.8032121104895396,
      "revenue_growth": 5.225865014089752,
      "earnings_growth": 6.986838209156583
    }
  ],
  "metrics": {
    "revenue_trend": [
      {
        "date": "2025-07-28",
        "value": 40441282.21383045
      },
      {
        "date": "2025-04-29",
        "value": 38419218.10313892
      },
      {
        "date": "2025-01-29",
        "value": 36498257.197981976
      },
      {
        "date": "2024-10-31",
        "value": 34673344.33808288
      },
      {
        "date": "2024-08-02",
        "value": 32939677.12117873
      },
      {
        "date": "2024-05-04",
        "value": 31292693.26511979
      },
      {
        "date": "2024-02-04",
        "value": 29728058.6018638
      },
      {
        "date": "2023-11-06",
        "value": 28241655.67177061
      }
    ],
    "eps_trend": [
      {
        "date": "2025-07-28",
        "value": 0.006458876058972595
      },
      {
        "date": "2025-04-29",
        "value": 0.006135932256023964
      },
      {
        "date": "2025-01-29",
        "value": 0.005829135643222766
      },
      {
        "date": "2024-10-31",
        "value": 0.005537678861061628
      },
      {
        "date": "2024-08-02",
        "value": 0.005260794918008546
      },
      {
        "date": "2024-05-04",
        "value": 0.004997755172108118
      },
      {
        "date": "2024-02-04",
        "value": 0.004747867413502712
      },
      {
        "date": "2023-11-06",
        "value": 0.004510474042827577
      }
    ],
    "earnings_dates": [
      "2025-07-28",
      "2025-04-29",
      "2025-01-29",
      "2024-10-31",
      "2024-08-02",
      "2024-05-04",
      "2024-02-04",
      "2023-11-06"
    ]
  },
  "analysis": {
    "avg_revenue_growth": 5.939428575530691,
    "avg_earnings_surprise": 1.5218681486175651,
    "consistency_score": 72,
    "trend_direction": "growing"
  }
}