{
  "ticker": "ES",
  "quarters": [
    {
      "date": "2025-07-28",
      "quarter": "Q3 2025",
      "revenue": 111793462.20668785,
      "earnings": 24473196.249064893,
      "eps_actual": 0.013971654961113649,
      "eps_estimate": 0.013547918933108413,
      "surprise_percent": 3.1276835217083403,
      "price_on_date": 0.2926260403184329,
      "revenue_growth": 3.0793842359867036,
      "earnings_growth": 3.05296401867803
    },
    {
      "date": "2025-04-29",
      "quarter": "Q2 2025",
      "revenue": 106203789.09635346,
      "earnings": 23249536.436611645,
      "eps_actual": 0.013273072213057964,
      "eps_estimate": 0.012694505385956002,
      "surprise_percent": 4.557616145817181,
      "price_on_date": 0.2930510382630764,
      "revenue_growth": 2.9527949645501503,
      "earnings_growth": 3.141431556209449
    },
    {
      "date": "2025-01-29",
      "quarter": "Q1 2025",
      "revenue": 100893599.64153579,
      "earnings": 22087059.614781067,
      "eps_actual": 0.012609418602405068,
      "eps_estimate": 0.012265294415676547,
      "surprise_percent": 2.80567408384986,
      "price_on_date": 0.30250608258730854,
      "revenue_growth": 2.603612948225053,
      "earnings_growth": 2.140585177840139
    },
    {
      "date": "2024-10-31",
      "quarter": "Q4 2024",
      "revenue": 95848919.65945898,
      "earnings": 20982706.634042006,
      "eps_actual": 0.011978947672284811,
      "eps_estimate": 0.01201752332976338,
      "surprise_percent": -0.3209950704487496,
      "price_on_date": 0.24870114853816633,
      "revenue_growth": 2.3985462480576984,
      "earnings_growth": 3.381857772405143
    },
    {
      "date": "2024-08-02",
      "quarter": "Q3 2024",
      "revenue": 91056473.67648603,
      "earnings": 19933571.302339908,
      "eps_actual": 0.011380000288670571,
      "eps_estimate": 0.011171488278837025,
      "surprise_percent": 1.866465815736889,
      "price_on_date": 0.2503471039933562,
      "revenue_growth": 2.4000098687705234,
      "earnings_growth": 1.9889587997188418
    },
    {
      "date": "2024-05-04",
      "quarter": "Q2 2024",
      "revenue": 86503649.99266171,
      "earnings": 18936892.73722291,
      "eps_actual": 0.010811000274237042,
      "eps_estimate": 0.010775585127092611,
      "surprise_percent": 0.3286610121559702,
      "price_on_date": 0.25203558255017633,
      "revenue_growth": 3.1359364587689487,
      "earnings_growth": 3.5364782550990643
    },
    {
      "date": "2024-02-04",
      "quarter": "Q1 2024",
      "revenue": 82178467.49302864,
      "earnings": 17990048.100361764,
      "eps_actual": 0.010270450260525189,
      "eps_estimate": 0.009859927428172594,
      "surprise_percent": 4.163548214154349,
      "price_on_date": 0.21458315090567653,
      "revenue_growth": 2.525653365917277,
      "earnings_growth": 2.9475846037159394
    },
    {
      "date": "2023-11-06",
      "quarter": "Q4 2023",
      "revenue": 78069544.1183772,
      "earnings": 17090545.695343673,
      "eps_actual": 0.009756927747498928,
      "eps_estimate": 0.009276713683069019,
      "surprise_percent": 5.176553689550108,
      "price_on_date": 0.22606587893498076,
      "revenue_growth": 3.253200314259054,
      "earnings_growth": 1.9673180040524199
    }
  ],
  "metrics": {
    "revenue_trend": [
      {
        "date": "2025-07-28",
        "value": 111793462.20668785
      },
      {
        "date": "2025-04-29",
        "value": 106203789.09635346
      },
      {
        "date": "2025-01-29",
        "value": 100893599.64153579
      },
      {
        "date": "2024-10-31",
        "value": 95848919.65945898
      },
      {
        "date": "2024-08-02",
        "value": 91056473.67648603
      },
      {
        "date": "2024-05-04",
        "value": 86503649.99266171
      },
      {
        "date": "2024-02-04",
        "value": 82178467.49302864
      },
      {
        "date": "2023-11-06",
        "value": 78069544.1183772
      }
    ],
    "eps_trend": [
      {
        "date": "2025-07-28",
        "value": 0.013971654961113649
      },
      {
        "date": "2025-04-29",
        "value": 0.013273072213057964
      },
      {
        "date": "2025-01-29",
        "value": 0.012609418602405068
      },
      {
        "date": "2024-10-31",
        "value": 0.011978947672284811
      },
      {
        "date": "2024-08-02",
        "value": 0.011380000288670571
      },
      {
        "date": "2024-05-04",
        "value": 0.010811000274237042
      },
      {
        "date": "2024-02-04",
        "value": 0.010270450260525189
      },
      {
        "date": "2023-11-06",
        "value": 0.009756927747498928
      }
    ],
    "earnings_dates": [
      "2025-07-28",
      "2025-04-29",
      "2025-01-29",
      "2024-10-31",
      "2024-08-02",
      "2024-05-04",
      "2024-02-04",
      "2023-11-06"
    ]
  },
  "analysis": {
    "avg_revenue_growth": 2.7585845992049016,
    "avg_earnings_surprise": 2.542494670231658,
    "consistency_score": 74,
    "trend_direction": "stable"
  }
}