{
  "ticker": "ESS",
  "quarters": [
    {
      "date": "2025-07-28",
      "quarter": "Q3 2025",
      "revenue": 13041537.163794855,
      "earnings": 855830.2359962505,
      "eps_actual": 0.00027883171325838633,
      "eps_estimate": 0.00027243944619422943,
      "surprise_percent": 2.3463074651824383,
      "price_on_date": 0.2523391108904437,
      "revenue_growth": -21.096770318258077,
      "earnings_growth": -20.141620946235196
    },
    {
      "date": "2025-04-29",
      "quarter": "Q2 2025",
      "revenue": 12389460.305605112,
      "earnings": 813038.724196438,
      "eps_actual": 0.000264890127595467,
      "eps_estimate": 0.00026370039029326257,
      "surprise_percent": 0.45117009530449687,
      "price_on_date": 0.24164685417989898,
      "revenue_growth": -16.413054296218544,
      "earnings_growth": -24.1694300097657
    },
    {
      "date": "2025-01-29",
      "quarter": "Q1 2025",
      "revenue": 11769987.290324856,
      "earnings": 772386.787986616,
      "eps_actual": 0.0002516456212156936,
      "eps_estimate": 0.00024523570108346597,
      "surprise_percent": 2.6137793575357273,
      "price_on_date": 0.23618449919483764,
      "revenue_growth": -22.08892326949244,
      "earnings_growth": -18.88789489784042
    },
    {
      "date": "2024-10-31",
      "quarter": "Q4 2024",
      "revenue": 11181487.925808612,
      "earnings": 733767.4485872852,
      "eps_actual": 0.00023906334015490898,
      "eps_estimate": 0.00023372955662006673,
      "surprise_percent": 2.282032110946266,
      "price_on_date": 0.20595754669244046,
      "revenue_growth": -22.629231539578996,
      "earnings_growth": -15.696685762715319
    },
    {
      "date": "2024-08-02",
      "quarter": "Q3 2024",
      "revenue": 10622413.529518181,
      "earnings": 697079.076157921,
      "eps_actual": 0.00022711017314716353,
      "eps_estimate": 0.00022073058230340998,
      "surprise_percent": 2.8902161074283512,
      "price_on_date": 0.17893324534019148,
      "revenue_growth": -21.726761496520634,
      "earnings_growth": -21.11386670496513
    },
    {
      "date": "2024-05-04",
      "quarter": "Q2 2024",
      "revenue": 10091292.853042271,
      "earnings": 662225.1223500248,
      "eps_actual": 0.0002157546644898053,
      "eps_estimate": 0.00020579613797043876,
      "surprise_percent": 4.839024977619847,
      "price_on_date": 0.18412191231405767,
      "revenue_growth": -18.810345829931396,
      "earnings_growth": -21.2360771673144
    },
    {
      "date": "2024-02-04",
      "quarter": "Q1 2024",
      "revenue": 9586728.210390158,
      "earnings": 629113.8662325236,
      "eps_actual": 0.00020496693126531506,
      "eps_estimate": 0.00019582366723955755,
      "surprise_percent": 4.669131241716686,
      "price_on_date": 0.17536525269509723,
      "revenue_growth": -17.256295581328732,
      "earnings_growth": -24.145743000290395
    },
    {
      "date": "2023-11-06",
      "quarter": "Q4 2023",
      "revenue": 9107391.79987065,
      "earnings": 597658.1729208974,
      "eps_actual": 0.00019471858470204928,
      "eps_estimate": 0.0001923725744256343,
      "surprise_percent": 1.2195138955848899,
      "price_on_date": 0.1680016749909186,
      "revenue_growth": -15.616647654047618,
      "earnings_growth": -14.968065742273346
    }
  ],
  "metrics": {
    "revenue_trend": [
      {
        "date": "2025-07-28",
        "value": 13041537.163794855
      },
      {
        "date": "2025-04-29",
        "value": 12389460.305605112
      },
      {
        "date": "2025-01-29",
        "value": 11769987.290324856
      },
      {
        "date": "2024-10-31",
        "value": 11181487.925808612
      },
      {
        "date": "2024-08-02",
        "value": 10622413.529518181
      },
      {
        "date": "2024-05-04",
        "value": 10091292.853042271
      },
      {
        "date": "2024-02-04",
        "value": 9586728.210390158
      },
      {
        "date": "2023-11-06",
        "value": 9107391.79987065
      }
    ],
    "eps_trend": [
      {
        "date": "2025-07-28",
        "value": 0.00027883171325838633
      },
      {
        "date": "2025-04-29",
        "value": 0.000264890127595467
      },
      {
        "date": "2025-01-29",
        "value": 0.0002516456212156936
      },
      {
        "date": "2024-10-31",
        "value": 0.00023906334015490898
      },
      {
        "date": "2024-08-02",
        "value": 0.00022711017314716353
      },
      {
        "date": "2024-05-04",
        "value": 0.0002157546644898053
      },
      {
        "date": "2024-02-04",
        "value": 0.00020496693126531506
      },
      {
        "date": "2023-11-06",
        "value": 0.00019471858470204928
      }
    ],
    "earnings_dates": [
      "2025-07-28",
      "2025-04-29",
      "2025-01-29",
      "2024-10-31",
      "2024-08-02",
      "2024-05-04",
      "2024-02-04",
      "2023-11-06"
    ]
  },
  "analysis": {
    "avg_revenue_growth": -20.556994855887012,
    "avg_earnings_surprise": 1.9233222572422322,
    "consistency_score": 93,
    "trend_direction": "declining"
  }
}