{
  "ticker": "ETN",
  "quarters": [
    {
      "date": "2025-07-28",
      "quarter": "Q3 2025",
      "revenue": 108278595.66924225,
      "earnings": 7572998.384539399,
      "eps_actual": 0.0022399664931043433,
      "eps_estimate": 0.0022632677898055138,
      "surprise_percent": -1.0295421870150316,
      "price_on_date": 0.3253620904374977,
      "revenue_growth": 13.249469658935368,
      "earnings_growth": 15.926973316602654
    },
    {
      "date": "2025-04-29",
      "quarter": "Q2 2025",
      "revenue": 102864665.88578013,
      "earnings": 7194348.465312429,
      "eps_actual": 0.0021279681684491262,
      "eps_estimate": 0.002024006065542686,
      "surprise_percent": 5.136452141933947,
      "price_on_date": 0.3073091416928037,
      "revenue_growth": 16.880534550533522,
      "earnings_growth": 14.816723743131874
    },
    {
      "date": "2025-01-29",
      "quarter": "Q1 2025",
      "revenue": 97721432.59149112,
      "earnings": 6834631.042046807,
      "eps_actual": 0.0020215697600266696,
      "eps_estimate": 0.0019289659547853623,
      "surprise_percent": 4.800696715853207,
      "price_on_date": 0.3203830158738552,
      "revenue_growth": 17.114321639729507,
      "earnings_growth": 20.648200787224827
    },
    {
      "date": "2024-10-31",
      "quarter": "Q4 2024",
      "revenue": 92835360.96191657,
      "earnings": 6492899.489944467,
      "eps_actual": 0.0019204912720253364,
      "eps_estimate": 0.0019295541737849612,
      "surprise_percent": -0.46968889926771684,
      "price_on_date": 0.286412098494445,
      "revenue_growth": 15.852910907729589,
      "earnings_growth": 17.03210914490989
    },
    {
      "date": "2024-08-02",
      "quarter": "Q3 2024",
      "revenue": 88193592.91382073,
      "earnings": 6168254.515447243,
      "eps_actual": 0.0018244667084240693,
      "eps_estimate": 0.0018215693008026101,
      "surprise_percent": 0.15906107004452066,
      "price_on_date": 0.25025537376334256,
      "revenue_growth": 17.804236545396225,
      "earnings_growth": 13.14502094935444
    },
    {
      "date": "2024-05-04",
      "quarter": "Q2 2024",
      "revenue": 83783913.26812968,
      "earnings": 5859841.78967488,
      "eps_actual": 0.0017332433730028656,
      "eps_estimate": 0.0016506714247281594,
      "surprise_percent": 5.002324935036937,
      "price_on_date": 0.24186830864259976,
      "revenue_growth": 14.023970364282963,
      "earnings_growth": 15.03623142546114
    },
    {
      "date": "2024-02-04",
      "quarter": "Q1 2024",
      "revenue": 79594717.6047232,
      "earnings": 5566849.700191136,
      "eps_actual": 0.0016465812043527225,
      "eps_estimate": 0.0016516855152345754,
      "surprise_percent": -0.30903648635121816,
      "price_on_date": 0.27095955041950476,
      "revenue_growth": 15.518803653826248,
      "earnings_growth": 12.794597769326707
    },
    {
      "date": "2023-11-06",
      "quarter": "Q4 2023",
      "revenue": 75614981.72448704,
      "earnings": 5288507.215181579,
      "eps_actual": 0.0015642521441350862,
      "eps_estimate": 0.0015789476830661005,
      "surprise_percent": -0.9307172801620363,
      "price_on_date": 0.24061124884840793,
      "revenue_growth": 17.508875634849673,
      "earnings_growth": 17.200554124898396
    }
  ],
  "metrics": {
    "revenue_trend": [
      {
        "date": "2025-07-28",
        "value": 108278595.66924225
      },
      {
        "date": "2025-04-29",
        "value": 102864665.88578013
      },
      {
        "date": "2025-01-29",
        "value": 97721432.59149112
      },
      {
        "date": "2024-10-31",
        "value": 92835360.96191657
      },
      {
        "date": "2024-08-02",
        "value": 88193592.91382073
      },
      {
        "date": "2024-05-04",
        "value": 83783913.26812968
      },
      {
        "date": "2024-02-04",
        "value": 79594717.6047232
      },
      {
        "date": "2023-11-06",
        "value": 75614981.72448704
      }
    ],
    "eps_trend": [
      {
        "date": "2025-07-28",
        "value": 0.0022399664931043433
      },
      {
        "date": "2025-04-29",
        "value": 0.0021279681684491262
      },
      {
        "date": "2025-01-29",
        "value": 0.0020215697600266696
      },
      {
        "date": "2024-10-31",
        "value": 0.0019204912720253364
      },
      {
        "date": "2024-08-02",
        "value": 0.0018244667084240693
      },
      {
        "date": "2024-05-04",
        "value": 0.0017332433730028656
      },
      {
        "date": "2024-02-04",
        "value": 0.0016465812043527225
      },
      {
        "date": "2023-11-06",
        "value": 0.0015642521441350862
      }
    ],
    "earnings_dates": [
      "2025-07-28",
      "2025-04-29",
      "2025-01-29",
      "2024-10-31",
      "2024-08-02",
      "2024-05-04",
      "2024-02-04",
      "2023-11-06"
    ]
  },
  "analysis": {
    "avg_revenue_growth": 15.774309189231996,
    "avg_earnings_surprise": 2.1094794428761015,
    "consistency_score": 94,
    "trend_direction": "growing"
  }
}