{
  "ticker": "ETR",
  "quarters": [
    {
      "date": "2025-07-28",
      "quarter": "Q3 2025",
      "revenue": 100998438.59816849,
      "earnings": 4368975.017954562,
      "eps_actual": 0.002648644558767685,
      "eps_estimate": 0.0025315546486757105,
      "surprise_percent": 4.625217557646864,
      "price_on_date": 1.1835209245648353,
      "revenue_growth": -0.6614031643299014,
      "earnings_growth": -0.44291411069836706
    },
    {
      "date": "2025-04-29",
      "quarter": "Q2 2025",
      "revenue": 95948516.66826007,
      "earnings": 4150526.267056834,
      "eps_actual": 0.002516212330829301,
      "eps_estimate": 0.002526855629207673,
      "surprise_percent": -0.42120722115452025,
      "price_on_date": 1.1692237996962926,
      "revenue_growth": -0.593506792377436,
      "earnings_growth": -0.6047517015322659
    },
    {
      "date": "2025-01-29",
      "quarter": "Q1 2025",
      "revenue": 91151090.83484706,
      "earnings": 3942999.953703992,
      "eps_actual": 0.0023904017142878354,
      "eps_estimate": 0.002300798969310746,
      "surprise_percent": 3.8944186855200056,
      "price_on_date": 1.1714542386509443,
      "revenue_growth": -0.5911000979404095,
      "earnings_growth": -0.5462345033890533
    },
    {
      "date": "2024-10-31",
      "quarter": "Q4 2024",
      "revenue": 86593536.2931047,
      "earnings": 3745849.9560187915,
      "eps_actual": 0.002270881628573443,
      "eps_estimate": 0.0022127178626896974,
      "surprise_percent": 2.6286119375853914,
      "price_on_date": 0.9615767959009339,
      "revenue_growth": -0.49219922243030384,
      "earnings_growth": -0.5360771480128963
    },
    {
      "date": "2024-08-02",
      "quarter": "Q3 2024",
      "revenue": 82263859.47844946,
      "earnings": 3558557.4582178523,
      "eps_actual": 0.0021573375471447714,
      "eps_estimate": 0.002162404467016839,
      "surprise_percent": -0.23431878491527988,
      "price_on_date": 1.012536366859219,
      "revenue_growth": -0.4789384745788644,
      "earnings_growth": -0.6276302059003694
    },
    {
      "date": "2024-05-04",
      "quarter": "Q2 2024",
      "revenue": 78150666.50452697,
      "earnings": 3380629.5853069588,
      "eps_actual": 0.002049470669787532,
      "eps_estimate": 0.002062440491154527,
      "surprise_percent": -0.628857968150844,
      "price_on_date": 0.9326360568856543,
      "revenue_growth": -0.6000488992508838,
      "earnings_growth": -0.4268166780269263
    },
    {
      "date": "2024-02-04",
      "quarter": "Q1 2024",
      "revenue": 74243133.17930064,
      "earnings": 3211598.1060416116,
      "eps_actual": 0.001946997136298156,
      "eps_estimate": 0.0019450437891845899,
      "surprise_percent": 0.10042689652683505,
      "price_on_date": 0.7900016598842458,
      "revenue_growth": -0.5585301917489615,
      "earnings_growth": -0.6844106986906976
    },
    {
      "date": "2023-11-06",
      "quarter": "Q4 2023",
      "revenue": 70530976.52033558,
      "earnings": 3051018.20073953,
      "eps_actual": 0.0018496472794832476,
      "eps_estimate": 0.001832430947142789,
      "surprise_percent": 0.9395351223085956,
      "price_on_date": 0.8658583686898794,
      "revenue_growth": -0.5567462706244055,
      "earnings_growth": -0.6583366422358369
    }
  ],
  "metrics": {
    "revenue_trend": [
      {
        "date": "2025-07-28",
        "value": 100998438.59816849
      },
      {
        "date": "2025-04-29",
        "value": 95948516.66826007
      },
      {
        "date": "2025-01-29",
        "value": 91151090.83484706
      },
      {
        "date": "2024-10-31",
        "value": 86593536.2931047
      },
      {
        "date": "2024-08-02",
        "value": 82263859.47844946
      },
      {
        "date": "2024-05-04",
        "value": 78150666.50452697
      },
      {
        "date": "2024-02-04",
        "value": 74243133.17930064
      },
      {
        "date": "2023-11-06",
        "value": 70530976.52033558
      }
    ],
    "eps_trend": [
      {
        "date": "2025-07-28",
        "value": 0.002648644558767685
      },
      {
        "date": "2025-04-29",
        "value": 0.002516212330829301
      },
      {
        "date": "2025-01-29",
        "value": 0.0023904017142878354
      },
      {
        "date": "2024-10-31",
        "value": 0.002270881628573443
      },
      {
        "date": "2024-08-02",
        "value": 0.0021573375471447714
      },
      {
        "date": "2024-05-04",
        "value": 0.002049470669787532
      },
      {
        "date": "2024-02-04",
        "value": 0.001946997136298156
      },
      {
        "date": "2023-11-06",
        "value": 0.0018496472794832476
      }
    ],
    "earnings_dates": [
      "2025-07-28",
      "2025-04-29",
      "2025-01-29",
      "2024-10-31",
      "2024-08-02",
      "2024-05-04",
      "2024-02-04",
      "2023-11-06"
    ]
  },
  "analysis": {
    "avg_revenue_growth": -0.5845523192695127,
    "avg_earnings_surprise": 2.681760239899435,
    "consistency_score": 81,
    "trend_direction": "stable"
  }
}