{
  "ticker": "EVRG",
  "quarters": [
    {
      "date": "2025-07-28",
      "quarter": "Q3 2025",
      "revenue": 64886121.525997095,
      "earnings": 5769898.2817443535,
      "eps_actual": 0.0016212195132713077,
      "eps_estimate": 0.0015541169347485727,
      "surprise_percent": 4.317730347207816,
      "price_on_date": 0.33380886997079556,
      "revenue_growth": 12.11090312020059,
      "earnings_growth": 14.805076070232136
    },
    {
      "date": "2025-04-29",
      "quarter": "Q2 2025",
      "revenue": 61641815.449697234,
      "earnings": 5481403.367657135,
      "eps_actual": 0.0015401585376077422,
      "eps_estimate": 0.001569487624904692,
      "surprise_percent": -1.8687045906928312,
      "price_on_date": 0.27580834581807556,
      "revenue_growth": 16.649075267656738,
      "earnings_growth": 12.409408552051133
    },
    {
      "date": "2025-01-29",
      "quarter": "Q1 2025",
      "revenue": 58559724.67721237,
      "earnings": 5207333.199274278,
      "eps_actual": 0.001463150610727355,
      "eps_estimate": 0.0014177268582276103,
      "surprise_percent": 3.203984761672065,
      "price_on_date": 0.2699213896041721,
      "revenue_growth": 15.768526201131575,
      "earnings_growth": 14.8231297146763
    },
    {
      "date": "2024-10-31",
      "quarter": "Q4 2024",
      "revenue": 55631738.44335175,
      "earnings": 4946966.539310564,
      "eps_actual": 0.0013899930801909873,
      "eps_estimate": 0.001384761262975999,
      "surprise_percent": 0.3778136603665901,
      "price_on_date": 0.28850125549406413,
      "revenue_growth": 16.86557793075287,
      "earnings_growth": 11.048478518372763
    },
    {
      "date": "2024-08-02",
      "quarter": "Q3 2024",
      "revenue": 52850151.52118416,
      "earnings": 4699618.212345036,
      "eps_actual": 0.0013204934261814379,
      "eps_estimate": 0.001327710980602959,
      "surprise_percent": -0.5436088521496931,
      "price_on_date": 0.2264189593954615,
      "revenue_growth": 14.761926332688434,
      "earnings_growth": 12.641496202185657
    },
    {
      "date": "2024-05-04",
      "quarter": "Q2 2024",
      "revenue": 50207643.94512495,
      "earnings": 4464637.301727783,
      "eps_actual": 0.0012544687548723657,
      "eps_estimate": 0.0012685108223808674,
      "surprise_percent": -1.1069726218138363,
      "price_on_date": 0.25587562016145166,
      "revenue_growth": 15.279438326024804,
      "earnings_growth": 14.790932244443017
    },
    {
      "date": "2024-02-04",
      "quarter": "Q1 2024",
      "revenue": 47697261.7478687,
      "earnings": 4241405.436641394,
      "eps_actual": 0.0011917453171287474,
      "eps_estimate": 0.0011495142078614834,
      "surprise_percent": 3.673822296274995,
      "price_on_date": 0.24142592538156613,
      "revenue_growth": 13.55411534883144,
      "earnings_growth": 17.94091863695067
    },
    {
      "date": "2023-11-06",
      "quarter": "Q4 2023",
      "revenue": 45312398.66047526,
      "earnings": 4029335.1648093243,
      "eps_actual": 0.00113215805127231,
      "eps_estimate": 0.001082723549413527,
      "surprise_percent": 4.565754747420046,
      "price_on_date": 0.20020743752433037,
      "revenue_growth": 13.167995343690105,
      "earnings_growth": 12.973450332719496
    }
  ],
  "metrics": {
    "revenue_trend": [
      {
        "date": "2025-07-28",
        "value": 64886121.525997095
      },
      {
        "date": "2025-04-29",
        "value": 61641815.449697234
      },
      {
        "date": "2025-01-29",
        "value": 58559724.67721237
      },
      {
        "date": "2024-10-31",
        "value": 55631738.44335175
      },
      {
        "date": "2024-08-02",
        "value": 52850151.52118416
      },
      {
        "date": "2024-05-04",
        "value": 50207643.94512495
      },
      {
        "date": "2024-02-04",
        "value": 47697261.7478687
      },
      {
        "date": "2023-11-06",
        "value": 45312398.66047526
      }
    ],
    "eps_trend": [
      {
        "date": "2025-07-28",
        "value": 0.0016212195132713077
      },
      {
        "date": "2025-04-29",
        "value": 0.0015401585376077422
      },
      {
        "date": "2025-01-29",
        "value": 0.001463150610727355
      },
      {
        "date": "2024-10-31",
        "value": 0.0013899930801909873
      },
      {
        "date": "2024-08-02",
        "value": 0.0013204934261814379
      },
      {
        "date": "2024-05-04",
        "value": 0.0012544687548723657
      },
      {
        "date": "2024-02-04",
        "value": 0.0011917453171287474
      },
      {
        "date": "2023-11-06",
        "value": 0.00113215805127231
      }
    ],
    "earnings_dates": [
      "2025-07-28",
      "2025-04-29",
      "2025-01-29",
      "2024-10-31",
      "2024-08-02",
      "2024-05-04",
      "2024-02-04",
      "2023-11-06"
    ]
  },
  "analysis": {
    "avg_revenue_growth": 15.348520629935443,
    "avg_earnings_surprise": 1.5077060446384103,
    "consistency_score": 81,
    "trend_direction": "growing"
  }
}