{
  "ticker": "EW",
  "quarters": [
    {
      "date": "2025-07-28",
      "quarter": "Q3 2025",
      "revenue": 55253960.20633474,
      "earnings": 1910839.5742542366,
      "eps_actual": 0.0005385890823256159,
      "eps_estimate": 0.0005164480092078254,
      "surprise_percent": 4.287183360770889,
      "price_on_date": 0.32422291017711374,
      "revenue_growth": 36.1651596814244,
      "earnings_growth": 24.04924025966142
    },
    {
      "date": "2025-04-29",
      "quarter": "Q2 2025",
      "revenue": 52491262.196018,
      "earnings": 1815297.5955415247,
      "eps_actual": 0.000511659628209335,
      "eps_estimate": 0.00048610296821106365,
      "surprise_percent": 5.257458125039614,
      "price_on_date": 0.31282365389395106,
      "revenue_growth": 34.391665538668676,
      "earnings_growth": 23.421357947073318
    },
    {
      "date": "2025-01-29",
      "quarter": "Q1 2025",
      "revenue": 49866699.0862171,
      "earnings": 1724532.7157644483,
      "eps_actual": 0.0004860766467988682,
      "eps_estimate": 0.0004835452168683278,
      "surprise_percent": 0.5235146253612344,
      "price_on_date": 0.2907632065270414,
      "revenue_growth": 27.364710143650885,
      "earnings_growth": 36.97103167155252
    },
    {
      "date": "2024-10-31",
      "quarter": "Q4 2024",
      "revenue": 47373364.13190624,
      "earnings": 1638306.079976226,
      "eps_actual": 0.0004617728144589248,
      "eps_estimate": 0.0004402815100325048,
      "surprise_percent": 4.881264358531285,
      "price_on_date": 0.3011152046016555,
      "revenue_growth": 34.83215692054912,
      "earnings_growth": 32.30813912985075
    },
    {
      "date": "2024-08-02",
      "quarter": "Q3 2024",
      "revenue": 45004695.92531093,
      "earnings": 1556390.7759774148,
      "eps_actual": 0.0004386841737359786,
      "eps_estimate": 0.00042649321981714274,
      "surprise_percent": 2.85841681705109,
      "price_on_date": 0.2915396127348776,
      "revenue_growth": 29.058021158475672,
      "earnings_growth": 34.47634954693942
    },
    {
      "date": "2024-05-04",
      "quarter": "Q2 2024",
      "revenue": 42754461.129045375,
      "earnings": 1478571.2371785436,
      "eps_actual": 0.0004167499650491795,
      "eps_estimate": 0.0004095710428501365,
      "surprise_percent": 1.752790468067789,
      "price_on_date": 0.23627031477959148,
      "revenue_growth": 29.917481487076365,
      "earnings_growth": 40.62391422679083
    },
    {
      "date": "2024-02-04",
      "quarter": "Q1 2024",
      "revenue": 40616738.07259311,
      "earnings": 1404642.6753196164,
      "eps_actual": 0.0003959124667967206,
      "eps_estimate": 0.00040171784213086635,
      "surprise_percent": -1.445137538166544,
      "price_on_date": 0.22235873747158613,
      "revenue_growth": 32.07189014410209,
      "earnings_growth": 29.447486212740397
    },
    {
      "date": "2023-11-06",
      "quarter": "Q4 2023",
      "revenue": 38585901.16896345,
      "earnings": 1334410.5415536354,
      "eps_actual": 0.0003761168434568845,
      "eps_estimate": 0.00037234028632742914,
      "surprise_percent": 1.0142757225400838,
      "price_on_date": 0.2448890279766204,
      "revenue_growth": 35.57841798396851,
      "earnings_growth": 31.43299211013307
    }
  ],
  "metrics": {
    "revenue_trend": [
      {
        "date": "2025-07-28",
        "value": 55253960.20633474
      },
      {
        "date": "2025-04-29",
        "value": 52491262.196018
      },
      {
        "date": "2025-01-29",
        "value": 49866699.0862171
      },
      {
        "date": "2024-10-31",
        "value": 47373364.13190624
      },
      {
        "date": "2024-08-02",
        "value": 45004695.92531093
      },
      {
        "date": "2024-05-04",
        "value": 42754461.129045375
      },
      {
        "date": "2024-02-04",
        "value": 40616738.07259311
      },
      {
        "date": "2023-11-06",
        "value": 38585901.16896345
      }
    ],
    "eps_trend": [
      {
        "date": "2025-07-28",
        "value": 0.0005385890823256159
      },
      {
        "date": "2025-04-29",
        "value": 0.000511659628209335
      },
      {
        "date": "2025-01-29",
        "value": 0.0004860766467988682
      },
      {
        "date": "2024-10-31",
        "value": 0.0004617728144589248
      },
      {
        "date": "2024-08-02",
        "value": 0.0004386841737359786
      },
      {
        "date": "2024-05-04",
        "value": 0.0004167499650491795
      },
      {
        "date": "2024-02-04",
        "value": 0.0003959124667967206
      },
      {
        "date": "2023-11-06",
        "value": 0.0003761168434568845
      }
    ],
    "earnings_dates": [
      "2025-07-28",
      "2025-04-29",
      "2025-01-29",
      "2024-10-31",
      "2024-08-02",
      "2024-05-04",
      "2024-02-04",
      "2023-11-06"
    ]
  },
  "analysis": {
    "avg_revenue_growth": 33.18842307107327,
    "avg_earnings_surprise": 3.737355117425756,
    "consistency_score": 69,
    "trend_direction": "growing"
  }
}