{
  "ticker": "EXC",
  "quarters": [
    {
      "date": "2025-07-28",
      "quarter": "Q3 2025",
      "revenue": 112785269.22618206,
      "earnings": 19597799.035979986,
      "eps_actual": 0.09836564267003435,
      "eps_estimate": 0.09873142271128782,
      "surprise_percent": -0.3704798646760003,
      "price_on_date": 8.96241987658072,
      "revenue_growth": -18.326111575173798,
      "earnings_growth": -18.049040564376288
    },
    {
      "date": "2025-04-29",
      "quarter": "Q2 2025",
      "revenue": 107146005.76487295,
      "earnings": 18617909.08418099,
      "eps_actual": 0.09344736053653264,
      "eps_estimate": 0.09456365281828671,
      "surprise_percent": -1.1804665413032784,
      "price_on_date": 7.157924143850378,
      "revenue_growth": -16.018065777355282,
      "earnings_growth": -19.058595389402406
    },
    {
      "date": "2025-01-29",
      "quarter": "Q1 2025",
      "revenue": 101788705.4766293,
      "earnings": 17687013.629971936,
      "eps_actual": 0.088774992509706,
      "eps_estimate": 0.08691244748747029,
      "surprise_percent": 2.143012970040016,
      "price_on_date": 8.268590370880075,
      "revenue_growth": -18.948357828788563,
      "earnings_growth": -19.368116998016603
    },
    {
      "date": "2024-10-31",
      "quarter": "Q4 2024",
      "revenue": 96699270.20279783,
      "earnings": 16802662.948473338,
      "eps_actual": 0.08433624288422069,
      "eps_estimate": 0.08409909098726169,
      "surprise_percent": 0.28199103483165944,
      "price_on_date": 7.0601979372858885,
      "revenue_growth": -19.69583599240462,
      "earnings_growth": -15.896500599613056
    },
    {
      "date": "2024-08-02",
      "quarter": "Q3 2024",
      "revenue": 91864306.69265793,
      "earnings": 15962529.80104967,
      "eps_actual": 0.08011943074000966,
      "eps_estimate": 0.07901220380490545,
      "surprise_percent": 1.4013366059730932,
      "price_on_date": 7.186842180479467,
      "revenue_growth": -17.51699164173657,
      "earnings_growth": -20.70739922700168
    },
    {
      "date": "2024-05-04",
      "quarter": "Q2 2024",
      "revenue": 87271091.35802503,
      "earnings": 15164403.310997186,
      "eps_actual": 0.07611345920300917,
      "eps_estimate": 0.07352593830487973,
      "surprise_percent": 3.51919466488157,
      "price_on_date": 6.289030320821017,
      "revenue_growth": -17.316407227365875,
      "earnings_growth": -22.124582836996545
    },
    {
      "date": "2024-02-04",
      "quarter": "Q1 2024",
      "revenue": 82907536.79012378,
      "earnings": 14406183.145447327,
      "eps_actual": 0.0723077862428587,
      "eps_estimate": 0.07370677739132557,
      "surprise_percent": -1.8980495389715828,
      "price_on_date": 5.67178198534848,
      "revenue_growth": -21.58752247154342,
      "earnings_growth": -23.732975313096418
    },
    {
      "date": "2023-11-06",
      "quarter": "Q4 2023",
      "revenue": 78762159.95061758,
      "earnings": 13685873.988174958,
      "eps_actual": 0.06869239693071576,
      "eps_estimate": 0.06675397518806585,
      "surprise_percent": 2.9038296778413533,
      "price_on_date": 6.336386562292346,
      "revenue_growth": -20.196491681867027,
      "earnings_growth": -13.565945896872966
    }
  ],
  "metrics": {
    "revenue_trend": [
      {
        "date": "2025-07-28",
        "value": 112785269.22618206
      },
      {
        "date": "2025-04-29",
        "value": 107146005.76487295
      },
      {
        "date": "2025-01-29",
        "value": 101788705.4766293
      },
      {
        "date": "2024-10-31",
        "value": 96699270.20279783
      },
      {
        "date": "2024-08-02",
        "value": 91864306.69265793
      },
      {
        "date": "2024-05-04",
        "value": 87271091.35802503
      },
      {
        "date": "2024-02-04",
        "value": 82907536.79012378
      },
      {
        "date": "2023-11-06",
        "value": 78762159.95061758
      }
    ],
    "eps_trend": [
      {
        "date": "2025-07-28",
        "value": 0.09836564267003435
      },
      {
        "date": "2025-04-29",
        "value": 0.09344736053653264
      },
      {
        "date": "2025-01-29",
        "value": 0.088774992509706
      },
      {
        "date": "2024-10-31",
        "value": 0.08433624288422069
      },
      {
        "date": "2024-08-02",
        "value": 0.08011943074000966
      },
      {
        "date": "2024-05-04",
        "value": 0.07611345920300917
      },
      {
        "date": "2024-02-04",
        "value": 0.0723077862428587
      },
      {
        "date": "2023-11-06",
        "value": 0.06869239693071576
      }
    ],
    "earnings_dates": [
      "2025-07-28",
      "2025-04-29",
      "2025-01-29",
      "2024-10-31",
      "2024-08-02",
      "2024-05-04",
      "2024-02-04",
      "2023-11-06"
    ]
  },
  "analysis": {
    "avg_revenue_growth": -18.247092793430568,
    "avg_earnings_surprise": 0.21851439972309916,
    "consistency_score": 60,
    "trend_direction": "declining"
  }
}