{
  "ticker": "EXE",
  "quarters": [
    {
      "date": "2025-07-28",
      "quarter": "Q3 2025",
      "revenue": 45710565.40535301,
      "earnings": 7686429.59263721,
      "eps_actual": 0.004156695569101273,
      "eps_estimate": 0.004093387971307446,
      "surprise_percent": 1.5465819081303978,
      "price_on_date": 0.41955532735752565,
      "revenue_growth": 32.575929731335464,
      "earnings_growth": 31.618591107262926
    },
    {
      "date": "2025-04-29",
      "quarter": "Q2 2025",
      "revenue": 43425037.13508536,
      "earnings": 7302108.113005349,
      "eps_actual": 0.003948860790646209,
      "eps_estimate": 0.0038136386108558987,
      "surprise_percent": 3.5457523270660034,
      "price_on_date": 0.40897016810513886,
      "revenue_growth": 34.293223304943375,
      "earnings_growth": 32.03604392058097
    },
    {
      "date": "2025-01-29",
      "quarter": "Q1 2025",
      "revenue": 41253785.27833109,
      "earnings": 6937002.707355083,
      "eps_actual": 0.0037514177511138993,
      "eps_estimate": 0.0036459943272905446,
      "surprise_percent": 2.8914862273441413,
      "price_on_date": 0.3848307012491555,
      "revenue_growth": 34.77856896851155,
      "earnings_growth": 36.61790242610924
    },
    {
      "date": "2024-10-31",
      "quarter": "Q4 2024",
      "revenue": 39191096.014414534,
      "earnings": 6590152.571987327,
      "eps_actual": 0.0035638468635582035,
      "eps_estimate": 0.003622875843285457,
      "surprise_percent": -1.6293403991929813,
      "price_on_date": 0.37136281162591556,
      "revenue_growth": 25.119059957293143,
      "earnings_growth": 28.61098025318035
    },
    {
      "date": "2024-08-02",
      "quarter": "Q3 2024",
      "revenue": 37231541.213693805,
      "earnings": 6260644.943387961,
      "eps_actual": 0.003385654520380293,
      "eps_estimate": 0.0032670422287517467,
      "surprise_percent": 3.6305711197943493,
      "price_on_date": 0.3108099302207602,
      "revenue_growth": 25.547051319345755,
      "earnings_growth": 24.92057465234316
    },
    {
      "date": "2024-05-04",
      "quarter": "Q2 2024",
      "revenue": 35369964.15300911,
      "earnings": 5947612.696218562,
      "eps_actual": 0.0032163717943612786,
      "eps_estimate": 0.003136740518671386,
      "surprise_percent": 2.538663150996676,
      "price_on_date": 0.332806178329844,
      "revenue_growth": 28.96716905883807,
      "earnings_growth": 26.91921743561844
    },
    {
      "date": "2024-02-04",
      "quarter": "Q1 2024",
      "revenue": 33601465.94535866,
      "earnings": 5650232.061407634,
      "eps_actual": 0.0030555532046432146,
      "eps_estimate": 0.0030505241282258776,
      "surprise_percent": 0.16485942106813692,
      "price_on_date": 0.29703269917485275,
      "revenue_growth": 25.103154586735915,
      "earnings_growth": 31.184393758623546
    },
    {
      "date": "2023-11-06",
      "quarter": "Q4 2023",
      "revenue": 31921392.648090716,
      "earnings": 5367720.458337251,
      "eps_actual": 0.002902775544411053,
      "eps_estimate": 0.002804624973435808,
      "surprise_percent": 3.4995969837281127,
      "price_on_date": 0.2673442670774764,
      "revenue_growth": 25.79623959034826,
      "earnings_growth": 26.12005952994159
    }
  ],
  "metrics": {
    "revenue_trend": [
      {
        "date": "2025-07-28",
        "value": 45710565.40535301
      },
      {
        "date": "2025-04-29",
        "value": 43425037.13508536
      },
      {
        "date": "2025-01-29",
        "value": 41253785.27833109
      },
      {
        "date": "2024-10-31",
        "value": 39191096.014414534
      },
      {
        "date": "2024-08-02",
        "value": 37231541.213693805
      },
      {
        "date": "2024-05-04",
        "value": 35369964.15300911
      },
      {
        "date": "2024-02-04",
        "value": 33601465.94535866
      },
      {
        "date": "2023-11-06",
        "value": 31921392.648090716
      }
    ],
    "eps_trend": [
      {
        "date": "2025-07-28",
        "value": 0.004156695569101273
      },
      {
        "date": "2025-04-29",
        "value": 0.003948860790646209
      },
      {
        "date": "2025-01-29",
        "value": 0.0037514177511138993
      },
      {
        "date": "2024-10-31",
        "value": 0.0035638468635582035
      },
      {
        "date": "2024-08-02",
        "value": 0.003385654520380293
      },
      {
        "date": "2024-05-04",
        "value": 0.0032163717943612786
      },
      {
        "date": "2024-02-04",
        "value": 0.0030555532046432146
      },
      {
        "date": "2023-11-06",
        "value": 0.002902775544411053
      }
    ],
    "earnings_dates": [
      "2025-07-28",
      "2025-04-29",
      "2025-01-29",
      "2024-10-31",
      "2024-08-02",
      "2024-05-04",
      "2024-02-04",
      "2023-11-06"
    ]
  },
  "analysis": {
    "avg_revenue_growth": 31.691695490520885,
    "avg_earnings_surprise": 1.5886200158368902,
    "consistency_score": 66,
    "trend_direction": "growing"
  }
}