{
  "ticker": "EXPD",
  "quarters": [
    {
      "date": "2025-07-28",
      "quarter": "Q3 2025",
      "revenue": 86502894.43521073,
      "earnings": 8526874.90630562,
      "eps_actual": 0.014198593409465231,
      "eps_estimate": 0.014263329782093792,
      "surprise_percent": -0.4538657776098755,
      "price_on_date": 2.7511677300402195,
      "revenue_growth": 20.493849921875924,
      "earnings_growth": 25.559965855051214
    },
    {
      "date": "2025-04-29",
      "quarter": "Q2 2025",
      "revenue": 82177749.7134502,
      "earnings": 8100531.160990339,
      "eps_actual": 0.013488663738991968,
      "eps_estimate": 0.012856279808556742,
      "surprise_percent": 4.918871865361319,
      "price_on_date": 2.561537828909042,
      "revenue_growth": 20.238873784088064,
      "earnings_growth": 23.859399098039628
    },
    {
      "date": "2025-01-29",
      "quarter": "Q1 2025",
      "revenue": 78068862.22777769,
      "earnings": 7695504.602940823,
      "eps_actual": 0.012814230552042371,
      "eps_estimate": 0.012483383371371264,
      "surprise_percent": 2.650300570195213,
      "price_on_date": 2.479537380368033,
      "revenue_growth": 20.01802376137784,
      "earnings_growth": 17.717777372840867
    },
    {
      "date": "2024-10-31",
      "quarter": "Q4 2024",
      "revenue": 74165419.1163888,
      "earnings": 7310729.372793781,
      "eps_actual": 0.012173519024440251,
      "eps_estimate": 0.011652710542275076,
      "surprise_percent": 4.469419198869867,
      "price_on_date": 2.2105065997000217,
      "revenue_growth": 19.679523892742015,
      "earnings_growth": 19.857553288080197
    },
    {
      "date": "2024-08-02",
      "quarter": "Q3 2024",
      "revenue": 70457148.16056935,
      "earnings": 6945192.904154091,
      "eps_actual": 0.011564843073218237,
      "eps_estimate": 0.010990521665465684,
      "surprise_percent": 5.225606438292921,
      "price_on_date": 2.149030598611441,
      "revenue_growth": 18.348386031425978,
      "earnings_growth": 22.80285968156353
    },
    {
      "date": "2024-05-04",
      "quarter": "Q2 2024",
      "revenue": 66934290.75254087,
      "earnings": 6597933.258946385,
      "eps_actual": 0.010986600919557324,
      "eps_estimate": 0.010704270313956874,
      "surprise_percent": 2.6375511578059583,
      "price_on_date": 2.1589164109953574,
      "revenue_growth": 26.074670155544627,
      "earnings_growth": 22.12822128823576
    },
    {
      "date": "2024-02-04",
      "quarter": "Q1 2024",
      "revenue": 63587576.21491383,
      "earnings": 6268036.595999066,
      "eps_actual": 0.010437270873579457,
      "eps_estimate": 0.009925432781200729,
      "surprise_percent": 5.156834000711543,
      "price_on_date": 1.9156712368687177,
      "revenue_growth": 24.573790445905708,
      "earnings_growth": 19.910509665783046
    },
    {
      "date": "2023-11-06",
      "quarter": "Q4 2023",
      "revenue": 60408197.40416814,
      "earnings": 5954634.766199113,
      "eps_actual": 0.009915407329900485,
      "eps_estimate": 0.010041744096401871,
      "surprise_percent": -1.2581157743967482,
      "price_on_date": 1.7869189078849483,
      "revenue_growth": 19.78444069615891,
      "earnings_growth": 16.241330937725927
    }
  ],
  "metrics": {
    "revenue_trend": [
      {
        "date": "2025-07-28",
        "value": 86502894.43521073
      },
      {
        "date": "2025-04-29",
        "value": 82177749.7134502
      },
      {
        "date": "2025-01-29",
        "value": 78068862.22777769
      },
      {
        "date": "2024-10-31",
        "value": 74165419.1163888
      },
      {
        "date": "2024-08-02",
        "value": 70457148.16056935
      },
      {
        "date": "2024-05-04",
        "value": 66934290.75254087
      },
      {
        "date": "2024-02-04",
        "value": 63587576.21491383
      },
      {
        "date": "2023-11-06",
        "value": 60408197.40416814
      }
    ],
    "eps_trend": [
      {
        "date": "2025-07-28",
        "value": 0.014198593409465231
      },
      {
        "date": "2025-04-29",
        "value": 0.013488663738991968
      },
      {
        "date": "2025-01-29",
        "value": 0.012814230552042371
      },
      {
        "date": "2024-10-31",
        "value": 0.012173519024440251
      },
      {
        "date": "2024-08-02",
        "value": 0.011564843073218237
      },
      {
        "date": "2024-05-04",
        "value": 0.010986600919557324
      },
      {
        "date": "2024-02-04",
        "value": 0.010437270873579457
      },
      {
        "date": "2023-11-06",
        "value": 0.009915407329900485
      }
    ],
    "earnings_dates": [
      "2025-07-28",
      "2025-04-29",
      "2025-01-29",
      "2024-10-31",
      "2024-08-02",
      "2024-05-04",
      "2024-02-04",
      "2023-11-06"
    ]
  },
  "analysis": {
    "avg_revenue_growth": 20.107567840020963,
    "avg_earnings_surprise": 2.8961814642041306,
    "consistency_score": 87,
    "trend_direction": "growing"
  }
}