{
  "ticker": "EXPE",
  "quarters": [
    {
      "date": "2025-07-28",
      "quarter": "Q3 2025",
      "revenue": 63208819.13227938,
      "earnings": 11192258.272365091,
      "eps_actual": 0.005573298995462909,
      "eps_estimate": 0.005674479491944176,
      "surprise_percent": -1.7830797807077927,
      "price_on_date": 0.7254543840245586,
      "revenue_growth": 40.47160624672164,
      "earnings_growth": 42.585411742030985
    },
    {
      "date": "2025-04-29",
      "quarter": "Q2 2025",
      "revenue": 60048378.17566541,
      "earnings": 10632645.358746836,
      "eps_actual": 0.005294634045689764,
      "eps_estimate": 0.005169751685805159,
      "surprise_percent": 2.415635556104177,
      "price_on_date": 0.7377236532393526,
      "revenue_growth": 43.15533118916882,
      "earnings_growth": 52.82815970756144
    },
    {
      "date": "2025-01-29",
      "quarter": "Q1 2025",
      "revenue": 57045959.26688214,
      "earnings": 10101013.090809494,
      "eps_actual": 0.005029902343405276,
      "eps_estimate": 0.004794866581115822,
      "surprise_percent": 4.9018206933040025,
      "price_on_date": 0.6878372822068606,
      "revenue_growth": 37.870288924971206,
      "earnings_growth": 47.635107353479164
    },
    {
      "date": "2024-10-31",
      "quarter": "Q4 2024",
      "revenue": 54193661.303538024,
      "earnings": 9595962.436269019,
      "eps_actual": 0.004778407226235012,
      "eps_estimate": 0.004719137229313294,
      "surprise_percent": 1.2559498493402028,
      "price_on_date": 0.668543125093802,
      "revenue_growth": 55.142009320759485,
      "earnings_growth": 41.45348306670089
    },
    {
      "date": "2024-08-02",
      "quarter": "Q3 2024",
      "revenue": 51483978.23836113,
      "earnings": 9116164.314455569,
      "eps_actual": 0.004539486864923261,
      "eps_estimate": 0.0043369047719310485,
      "surprise_percent": 4.671121540490063,
      "price_on_date": 0.5791516017310263,
      "revenue_growth": 46.63973311693408,
      "earnings_growth": 58.187805023757456
    },
    {
      "date": "2024-05-04",
      "quarter": "Q2 2024",
      "revenue": 48909779.32644306,
      "earnings": 8660356.098732788,
      "eps_actual": 0.0043125125216770975,
      "eps_estimate": 0.0041823238324396805,
      "surprise_percent": 3.1128313935813487,
      "price_on_date": 0.6011185501323092,
      "revenue_growth": 46.27662394079536,
      "earnings_growth": 50.705234907729384
    },
    {
      "date": "2024-02-04",
      "quarter": "Q1 2024",
      "revenue": 46464290.36012091,
      "earnings": 8227338.293796148,
      "eps_actual": 0.004096886895593242,
      "eps_estimate": 0.004125607809202584,
      "surprise_percent": -0.6961619944890844,
      "price_on_date": 0.5583666050383903,
      "revenue_growth": 39.21182440221651,
      "earnings_growth": 46.20364846893972
    },
    {
      "date": "2023-11-06",
      "quarter": "Q4 2023",
      "revenue": 44141075.84211486,
      "earnings": 7815971.37910634,
      "eps_actual": 0.0038920425508135793,
      "eps_estimate": 0.003864175088085943,
      "surprise_percent": 0.7211749491775707,
      "price_on_date": 0.5609493443280085,
      "revenue_growth": 47.52094198114923,
      "earnings_growth": 50.507984751927026
    }
  ],
  "metrics": {
    "revenue_trend": [
      {
        "date": "2025-07-28",
        "value": 63208819.13227938
      },
      {
        "date": "2025-04-29",
        "value": 60048378.17566541
      },
      {
        "date": "2025-01-29",
        "value": 57045959.26688214
      },
      {
        "date": "2024-10-31",
        "value": 54193661.303538024
      },
      {
        "date": "2024-08-02",
        "value": 51483978.23836113
      },
      {
        "date": "2024-05-04",
        "value": 48909779.32644306
      },
      {
        "date": "2024-02-04",
        "value": 46464290.36012091
      },
      {
        "date": "2023-11-06",
        "value": 44141075.84211486
      }
    ],
    "eps_trend": [
      {
        "date": "2025-07-28",
        "value": 0.005573298995462909
      },
      {
        "date": "2025-04-29",
        "value": 0.005294634045689764
      },
      {
        "date": "2025-01-29",
        "value": 0.005029902343405276
      },
      {
        "date": "2024-10-31",
        "value": 0.004778407226235012
      },
      {
        "date": "2024-08-02",
        "value": 0.004539486864923261
      },
      {
        "date": "2024-05-04",
        "value": 0.0043125125216770975
      },
      {
        "date": "2024-02-04",
        "value": 0.004096886895593242
      },
      {
        "date": "2023-11-06",
        "value": 0.0038920425508135793
      }
    ],
    "earnings_dates": [
      "2025-07-28",
      "2025-04-29",
      "2025-01-29",
      "2024-10-31",
      "2024-08-02",
      "2024-05-04",
      "2024-02-04",
      "2023-11-06"
    ]
  },
  "analysis": {
    "avg_revenue_growth": 44.15980892040528,
    "avg_earnings_surprise": 1.6975815795101474,
    "consistency_score": 85,
    "trend_direction": "growing"
  }
}