{
  "ticker": "EXR",
  "quarters": [
    {
      "date": "2025-07-28",
      "quarter": "Q3 2025",
      "revenue": 32647330.884093605,
      "earnings": 5277181.745732473,
      "eps_actual": 0.0011886344176003105,
      "eps_estimate": 0.0011763173104576083,
      "surprise_percent": 1.0470905284825451,
      "price_on_date": 0.33767348255907514,
      "revenue_growth": 33.933454366674,
      "earnings_growth": 28.99660412070125
    },
    {
      "date": "2025-04-29",
      "quarter": "Q2 2025",
      "revenue": 31014964.339888923,
      "earnings": 5013322.65844585,
      "eps_actual": 0.0011292026967202951,
      "eps_estimate": 0.0010777131142847768,
      "surprise_percent": 4.777670583482625,
      "price_on_date": 0.2666285452081967,
      "revenue_growth": 43.723823581280485,
      "earnings_growth": 46.018595973848896
    },
    {
      "date": "2025-01-29",
      "quarter": "Q1 2025",
      "revenue": 29464216.122894477,
      "earnings": 4762656.525523557,
      "eps_actual": 0.0010727425618842802,
      "eps_estimate": 0.0010352940578615356,
      "surprise_percent": 3.6171852565344387,
      "price_on_date": 0.2735434763618147,
      "revenue_growth": 30.42467168245049,
      "earnings_growth": 36.40498061902718
    },
    {
      "date": "2024-10-31",
      "quarter": "Q4 2024",
      "revenue": 27991005.31674975,
      "earnings": 4524523.699247379,
      "eps_actual": 0.0010191054337900661,
      "eps_estimate": 0.0009949814920026444,
      "surprise_percent": 2.4245618618358797,
      "price_on_date": 0.28526163761701395,
      "revenue_growth": 31.286581070025488,
      "earnings_growth": 29.476561676631377
    },
    {
      "date": "2024-08-02",
      "quarter": "Q3 2024",
      "revenue": 26591455.05091226,
      "earnings": 4298297.514285009,
      "eps_actual": 0.0009681501621005627,
      "eps_estimate": 0.0009215371264028435,
      "surprise_percent": 5.058183155318971,
      "price_on_date": 0.25664806332818113,
      "revenue_growth": 43.54085138269148,
      "earnings_growth": 37.65611664925202
    },
    {
      "date": "2024-05-04",
      "quarter": "Q2 2024",
      "revenue": 25261882.298366647,
      "earnings": 4083382.638570759,
      "eps_actual": 0.0009197426539955346,
      "eps_estimate": 0.000880802903555907,
      "surprise_percent": 4.420938019439205,
      "price_on_date": 0.24249843951736855,
      "revenue_growth": 37.28908556646902,
      "earnings_growth": 34.69487245230118
    },
    {
      "date": "2024-02-04",
      "quarter": "Q1 2024",
      "revenue": 23998788.183448315,
      "earnings": 3879213.506642221,
      "eps_actual": 0.0008737555212957579,
      "eps_estimate": 0.0008474589413244264,
      "surprise_percent": 3.1029916246130607,
      "price_on_date": 0.22136970802503914,
      "revenue_growth": 33.74753274670673,
      "earnings_growth": 45.03708333895309
    },
    {
      "date": "2023-11-06",
      "quarter": "Q4 2023",
      "revenue": 22798848.774275895,
      "earnings": 3685252.8313101092,
      "eps_actual": 0.0008300677452309698,
      "eps_estimate": 0.0008010765463649268,
      "surprise_percent": 3.619029791547062,
      "price_on_date": 0.22054477590263183,
      "revenue_growth": 40.9897532083583,
      "earnings_growth": 39.25630514396321
    }
  ],
  "metrics": {
    "revenue_trend": [
      {
        "date": "2025-07-28",
        "value": 32647330.884093605
      },
      {
        "date": "2025-04-29",
        "value": 31014964.339888923
      },
      {
        "date": "2025-01-29",
        "value": 29464216.122894477
      },
      {
        "date": "2024-10-31",
        "value": 27991005.31674975
      },
      {
        "date": "2024-08-02",
        "value": 26591455.05091226
      },
      {
        "date": "2024-05-04",
        "value": 25261882.298366647
      },
      {
        "date": "2024-02-04",
        "value": 23998788.183448315
      },
      {
        "date": "2023-11-06",
        "value": 22798848.774275895
      }
    ],
    "eps_trend": [
      {
        "date": "2025-07-28",
        "value": 0.0011886344176003105
      },
      {
        "date": "2025-04-29",
        "value": 0.0011292026967202951
      },
      {
        "date": "2025-01-29",
        "value": 0.0010727425618842802
      },
      {
        "date": "2024-10-31",
        "value": 0.0010191054337900661
      },
      {
        "date": "2024-08-02",
        "value": 0.0009681501621005627
      },
      {
        "date": "2024-05-04",
        "value": 0.0009197426539955346
      },
      {
        "date": "2024-02-04",
        "value": 0.0008737555212957579
      },
      {
        "date": "2023-11-06",
        "value": 0.0008300677452309698
      }
    ],
    "earnings_dates": [
      "2025-07-28",
      "2025-04-29",
      "2025-01-29",
      "2024-10-31",
      "2024-08-02",
      "2024-05-04",
      "2024-02-04",
      "2023-11-06"
    ]
  },
  "analysis": {
    "avg_revenue_growth": 34.842132675107614,
    "avg_earnings_surprise": 2.9666270575838722,
    "consistency_score": 76,
    "trend_direction": "growing"
  }
}