{
  "ticker": "F",
  "quarters": [
    {
      "date": "2025-07-28",
      "quarter": "Q3 2025",
      "revenue": 2178037858.3266916,
      "earnings": 270160923.9669583,
      "eps_actual": 0.06848873892840616,
      "eps_estimate": 0.06937965233290581,
      "surprise_percent": -1.2841133884971938,
      "price_on_date": 20.801821119447812,
      "revenue_growth": 47.98843986047006,
      "earnings_growth": 48.32632601680851
    },
    {
      "date": "2025-04-29",
      "quarter": "Q2 2025",
      "revenue": 2069135965.410357,
      "earnings": 256652877.7686104,
      "eps_actual": 0.06506430198198587,
      "eps_estimate": 0.06476411959318566,
      "surprise_percent": 0.46350107233109805,
      "price_on_date": 20.398038654611927,
      "revenue_growth": 37.978159906606905,
      "earnings_growth": 52.92651683242162
    },
    {
      "date": "2025-01-29",
      "quarter": "Q1 2025",
      "revenue": 1965679167.1398392,
      "earnings": 243820233.88017985,
      "eps_actual": 0.06181108688288657,
      "eps_estimate": 0.06280125363734253,
      "surprise_percent": -1.5766671795659655,
      "price_on_date": 20.37211647441136,
      "revenue_growth": 35.31282255645199,
      "earnings_growth": 32.40495626860722
    },
    {
      "date": "2024-10-31",
      "quarter": "Q4 2024",
      "revenue": 1867395208.782847,
      "earnings": 231629222.18617082,
      "eps_actual": 0.05872053253874223,
      "eps_estimate": 0.05919759365038102,
      "surprise_percent": -0.8058792295786482,
      "price_on_date": 16.819922151467342,
      "revenue_growth": 46.92027821162058,
      "earnings_growth": 33.5250985775014
    },
    {
      "date": "2024-08-02",
      "quarter": "Q3 2024",
      "revenue": 1774025448.3437047,
      "earnings": 220047761.0768623,
      "eps_actual": 0.05578450591180512,
      "eps_estimate": 0.056336376499383015,
      "surprise_percent": -0.9795990119881708,
      "price_on_date": 16.023325957209448,
      "revenue_growth": 37.465905288860924,
      "earnings_growth": 38.08693267427048
    },
    {
      "date": "2024-05-04",
      "quarter": "Q2 2024",
      "revenue": 1685324175.9265192,
      "earnings": 209045373.02301913,
      "eps_actual": 0.052995280616214856,
      "eps_estimate": 0.053848230902668166,
      "surprise_percent": -1.583989431324191,
      "price_on_date": 16.402006517747445,
      "revenue_growth": 41.16067809581103,
      "earnings_growth": 37.20677091806879
    },
    {
      "date": "2024-02-04",
      "quarter": "Q1 2024",
      "revenue": 1601057967.1301932,
      "earnings": 198593104.3718682,
      "eps_actual": 0.050345516585404114,
      "eps_estimate": 0.0501263926266812,
      "surprise_percent": 0.43714288469719287,
      "price_on_date": 14.848365863853472,
      "revenue_growth": 44.97858309215597,
      "earnings_growth": 50.980956692321755
    },
    {
      "date": "2023-11-06",
      "quarter": "Q4 2023",
      "revenue": 1521005068.7736833,
      "earnings": 188663449.15327474,
      "eps_actual": 0.0478282407561339,
      "eps_estimate": 0.04785158939729796,
      "surprise_percent": -0.048793867577107485,
      "price_on_date": 14.617134853294392,
      "revenue_growth": 46.78683741613316,
      "earnings_growth": 50.69492199618919
    }
  ],
  "metrics": {
    "revenue_trend": [
      {
        "date": "2025-07-28",
        "value": 2178037858.3266916
      },
      {
        "date": "2025-04-29",
        "value": 2069135965.410357
      },
      {
        "date": "2025-01-29",
        "value": 1965679167.1398392
      },
      {
        "date": "2024-10-31",
        "value": 1867395208.782847
      },
      {
        "date": "2024-08-02",
        "value": 1774025448.3437047
      },
      {
        "date": "2024-05-04",
        "value": 1685324175.9265192
      },
      {
        "date": "2024-02-04",
        "value": 1601057967.1301932
      },
      {
        "date": "2023-11-06",
        "value": 1521005068.7736833
      }
    ],
    "eps_trend": [
      {
        "date": "2025-07-28",
        "value": 0.06848873892840616
      },
      {
        "date": "2025-04-29",
        "value": 0.06506430198198587
      },
      {
        "date": "2025-01-29",
        "value": 0.06181108688288657
      },
      {
        "date": "2024-10-31",
        "value": 0.05872053253874223
      },
      {
        "date": "2024-08-02",
        "value": 0.05578450591180512
      },
      {
        "date": "2024-05-04",
        "value": 0.052995280616214856
      },
      {
        "date": "2024-02-04",
        "value": 0.050345516585404114
      },
      {
        "date": "2023-11-06",
        "value": 0.0478282407561339
      }
    ],
    "earnings_dates": [
      "2025-07-28",
      "2025-04-29",
      "2025-01-29",
      "2024-10-31",
      "2024-08-02",
      "2024-05-04",
      "2024-02-04",
      "2023-11-06"
    ]
  },
  "analysis": {
    "avg_revenue_growth": 42.04992513378738,
    "avg_earnings_surprise": -0.8007896813276774,
    "consistency_score": 88,
    "trend_direction": "growing"
  }
}