{
  "ticker": "FANG",
  "quarters": [
    {
      "date": "2025-07-28",
      "quarter": "Q3 2025",
      "revenue": 1422017353.6545386,
      "earnings": 485811673.7499822,
      "eps_actual": 0.7194247172337737,
      "eps_estimate": 0.6860060214654793,
      "surprise_percent": 4.871487235185448,
      "price_on_date": 16.934720964687898,
      "revenue_growth": 39.087868386370815,
      "earnings_growth": 49.40564598686777
    },
    {
      "date": "2025-04-29",
      "quarter": "Q2 2025",
      "revenue": 1350916485.9718115,
      "earnings": 461521090.062483,
      "eps_actual": 0.6834534813720848,
      "eps_estimate": 0.6691100638524017,
      "surprise_percent": 2.1436559236758326,
      "price_on_date": 14.70823164381329,
      "revenue_growth": 36.91410819373512,
      "earnings_growth": 47.93731649729642
    },
    {
      "date": "2025-01-29",
      "quarter": "Q1 2025",
      "revenue": 1283370661.673221,
      "earnings": 438445035.55935895,
      "eps_actual": 0.6492808073034808,
      "eps_estimate": 0.661329239020664,
      "surprise_percent": -1.821850752436897,
      "price_on_date": 15.219386970730538,
      "revenue_growth": 42.46621050889536,
      "earnings_growth": 29.372054358796287
    },
    {
      "date": "2024-10-31",
      "quarter": "Q4 2024",
      "revenue": 1219202128.5895598,
      "earnings": 416522783.7813909,
      "eps_actual": 0.6168167669383066,
      "eps_estimate": 0.5943919463661741,
      "surprise_percent": 3.7727329095266193,
      "price_on_date": 14.173311913205854,
      "revenue_growth": 38.45828717922386,
      "earnings_growth": 46.576203948563524
    },
    {
      "date": "2024-08-02",
      "quarter": "Q3 2024",
      "revenue": 1158242022.1600819,
      "earnings": 395696644.5923214,
      "eps_actual": 0.5859759285913914,
      "eps_estimate": 0.5622143735751779,
      "surprise_percent": 4.226422541478501,
      "price_on_date": 12.403691898989821,
      "revenue_growth": 44.28823714827675,
      "earnings_growth": 45.22634495990083
    },
    {
      "date": "2024-05-04",
      "quarter": "Q2 2024",
      "revenue": 1100329921.0520775,
      "earnings": 375911812.36270523,
      "eps_actual": 0.5566771321618216,
      "eps_estimate": 0.5386126019311974,
      "surprise_percent": 3.3539004037138596,
      "price_on_date": 12.497295402018992,
      "revenue_growth": 34.83718124982174,
      "earnings_growth": 31.480920552575785
    },
    {
      "date": "2024-02-04",
      "quarter": "Q1 2024",
      "revenue": 1045313424.9994738,
      "earnings": 357116221.74457,
      "eps_actual": 0.5288432755537306,
      "eps_estimate": 0.5256948098412162,
      "surprise_percent": 0.5989151221533555,
      "price_on_date": 10.618370799706646,
      "revenue_growth": 41.87534018467558,
      "earnings_growth": 34.982129824223804
    },
    {
      "date": "2023-11-06",
      "quarter": "Q4 2023",
      "revenue": 993047753.7494999,
      "earnings": 339260410.6573414,
      "eps_actual": 0.502401111776044,
      "eps_estimate": 0.48741218876534653,
      "surprise_percent": 3.0752047971277765,
      "price_on_date": 11.518657845665919,
      "revenue_growth": 31.227736896833107,
      "earnings_growth": 30.95489342548126
    }
  ],
  "metrics": {
    "revenue_trend": [
      {
        "date": "2025-07-28",
        "value": 1422017353.6545386
      },
      {
        "date": "2025-04-29",
        "value": 1350916485.9718115
      },
      {
        "date": "2025-01-29",
        "value": 1283370661.673221
      },
      {
        "date": "2024-10-31",
        "value": 1219202128.5895598
      },
      {
        "date": "2024-08-02",
        "value": 1158242022.1600819
      },
      {
        "date": "2024-05-04",
        "value": 1100329921.0520775
      },
      {
        "date": "2024-02-04",
        "value": 1045313424.9994738
      },
      {
        "date": "2023-11-06",
        "value": 993047753.7494999
      }
    ],
    "eps_trend": [
      {
        "date": "2025-07-28",
        "value": 0.7194247172337737
      },
      {
        "date": "2025-04-29",
        "value": 0.6834534813720848
      },
      {
        "date": "2025-01-29",
        "value": 0.6492808073034808
      },
      {
        "date": "2024-10-31",
        "value": 0.6168167669383066
      },
      {
        "date": "2024-08-02",
        "value": 0.5859759285913914
      },
      {
        "date": "2024-05-04",
        "value": 0.5566771321618216
      },
      {
        "date": "2024-02-04",
        "value": 0.5288432755537306
      },
      {
        "date": "2023-11-06",
        "value": 0.502401111776044
      }
    ],
    "earnings_dates": [
      "2025-07-28",
      "2025-04-29",
      "2025-01-29",
      "2024-10-31",
      "2024-08-02",
      "2024-05-04",
      "2024-02-04",
      "2023-11-06"
    ]
  },
  "analysis": {
    "avg_revenue_growth": 39.23161856705629,
    "avg_earnings_surprise": 2.2415063289877506,
    "consistency_score": 91,
    "trend_direction": "growing"
  }
}