{
  "ticker": "FAST",
  "quarters": [
    {
      "date": "2025-07-28",
      "quarter": "Q3 2025",
      "revenue": 50577388.51509887,
      "earnings": 5037633.790222264,
      "eps_actual": 0.00689053843309128,
      "eps_estimate": 0.0065515128196507845,
      "surprise_percent": 5.174768374467842,
      "price_on_date": 1.2609664569358425,
      "revenue_growth": 19.23955812149068,
      "earnings_growth": 16.867002109924943
    },
    {
      "date": "2025-04-29",
      "quarter": "Q2 2025",
      "revenue": 48048519.08934392,
      "earnings": 4785752.10071115,
      "eps_actual": 0.006546011511436715,
      "eps_estimate": 0.006341803873411776,
      "surprise_percent": 3.220024493048205,
      "price_on_date": 1.3549475719702335,
      "revenue_growth": 13.414186667327115,
      "earnings_growth": 19.44059265444196
    },
    {
      "date": "2025-01-29",
      "quarter": "Q1 2025",
      "revenue": 45646093.13487673,
      "earnings": 4546464.495675593,
      "eps_actual": 0.006218710935864879,
      "eps_estimate": 0.006112210587143116,
      "surprise_percent": 1.7424194929700876,
      "price_on_date": 1.1582595967224032,
      "revenue_growth": 13.828263668442276,
      "earnings_growth": 20.202165945651448
    },
    {
      "date": "2024-10-31",
      "quarter": "Q4 2024",
      "revenue": 43363788.47813289,
      "earnings": 4319141.270891813,
      "eps_actual": 0.005907775389071635,
      "eps_estimate": 0.00565434688637929,
      "surprise_percent": 4.48201194204811,
      "price_on_date": 1.2238261538787896,
      "revenue_growth": 14.541026455968277,
      "earnings_growth": 18.020449827212172
    },
    {
      "date": "2024-08-02",
      "quarter": "Q3 2024",
      "revenue": 41195599.05422624,
      "earnings": 4103184.207347222,
      "eps_actual": 0.0056123866196180535,
      "eps_estimate": 0.005690897730687868,
      "surprise_percent": -1.3795909676332365,
      "price_on_date": 1.007149099984937,
      "revenue_growth": 16.60283279874406,
      "earnings_growth": 20.322880661795594
    },
    {
      "date": "2024-05-04",
      "quarter": "Q2 2024",
      "revenue": 39135819.10151493,
      "earnings": 3898024.9969798606,
      "eps_actual": 0.00533176728863715,
      "eps_estimate": 0.0053754280857646825,
      "surprise_percent": -0.8122292109749518,
      "price_on_date": 0.9771339758215273,
      "revenue_growth": 18.692701539242695,
      "earnings_growth": 13.960119800820843
    },
    {
      "date": "2024-02-04",
      "quarter": "Q1 2024",
      "revenue": 37179028.14643918,
      "earnings": 3703123.7471308676,
      "eps_actual": 0.005065178924205293,
      "eps_estimate": 0.004886883002739045,
      "surprise_percent": 3.6484589740805164,
      "price_on_date": 1.0523324682013617,
      "revenue_growth": 14.502167111043898,
      "earnings_growth": 13.464673980801171
    },
    {
      "date": "2023-11-06",
      "quarter": "Q4 2023",
      "revenue": 35320076.73911721,
      "earnings": 3517967.5597743234,
      "eps_actual": 0.0048119199779950265,
      "eps_estimate": 0.004705851176301687,
      "surprise_percent": 2.253976968661776,
      "price_on_date": 1.0042983002983945,
      "revenue_growth": 17.163994282186394,
      "earnings_growth": 20.92060159547127
    }
  ],
  "metrics": {
    "revenue_trend": [
      {
        "date": "2025-07-28",
        "value": 50577388.51509887
      },
      {
        "date": "2025-04-29",
        "value": 48048519.08934392
      },
      {
        "date": "2025-01-29",
        "value": 45646093.13487673
      },
      {
        "date": "2024-10-31",
        "value": 43363788.47813289
      },
      {
        "date": "2024-08-02",
        "value": 41195599.05422624
      },
      {
        "date": "2024-05-04",
        "value": 39135819.10151493
      },
      {
        "date": "2024-02-04",
        "value": 37179028.14643918
      },
      {
        "date": "2023-11-06",
        "value": 35320076.73911721
      }
    ],
    "eps_trend": [
      {
        "date": "2025-07-28",
        "value": 0.00689053843309128
      },
      {
        "date": "2025-04-29",
        "value": 0.006546011511436715
      },
      {
        "date": "2025-01-29",
        "value": 0.006218710935864879
      },
      {
        "date": "2024-10-31",
        "value": 0.005907775389071635
      },
      {
        "date": "2024-08-02",
        "value": 0.0056123866196180535
      },
      {
        "date": "2024-05-04",
        "value": 0.00533176728863715
      },
      {
        "date": "2024-02-04",
        "value": 0.005065178924205293
      },
      {
        "date": "2023-11-06",
        "value": 0.0048119199779950265
      }
    ],
    "earnings_dates": [
      "2025-07-28",
      "2025-04-29",
      "2025-01-29",
      "2024-10-31",
      "2024-08-02",
      "2024-05-04",
      "2024-02-04",
      "2023-11-06"
    ]
  },
  "analysis": {
    "avg_revenue_growth": 15.255758728307088,
    "avg_earnings_surprise": 3.6548060756335614,
    "consistency_score": 61,
    "trend_direction": "growing"
  }
}