{
  "ticker": "FCX",
  "quarters": [
    {
      "date": "2025-07-28",
      "quarter": "Q3 2025",
      "revenue": 22820972.296514764,
      "earnings": 3124803.0463852426,
      "eps_actual": 0.0012471380015692342,
      "eps_estimate": 0.0012180596892105446,
      "surprise_percent": 2.3872649769352403,
      "price_on_date": 0.47411527164240613,
      "revenue_growth": -15.785751515219069,
      "earnings_growth": -15.447982932770412
    },
    {
      "date": "2025-04-29",
      "quarter": "Q2 2025",
      "revenue": 21679923.681689024,
      "earnings": 2968562.8940659803,
      "eps_actual": 0.0011847811014907726,
      "eps_estimate": 0.0012067678420544785,
      "surprise_percent": -1.8219528062890966,
      "price_on_date": 0.41724573684332683,
      "revenue_growth": -14.65276982284926,
      "earnings_growth": -15.661315831759362
    },
    {
      "date": "2025-01-29",
      "quarter": "Q1 2025",
      "revenue": 20595927.497604575,
      "earnings": 2820134.7493626815,
      "eps_actual": 0.001125542046416234,
      "eps_estimate": 0.0011216452772144015,
      "surprise_percent": 0.3474154691320963,
      "price_on_date": 0.40543189427994825,
      "revenue_growth": -18.612699688125534,
      "earnings_growth": -15.849259461936613
    },
    {
      "date": "2024-10-31",
      "quarter": "Q4 2024",
      "revenue": 19566131.122724343,
      "earnings": 2679128.011894547,
      "eps_actual": 0.001069264944095422,
      "eps_estimate": 0.0010473898210854298,
      "surprise_percent": 2.088536910481194,
      "price_on_date": 0.3688026922880568,
      "revenue_growth": -12.951722086551381,
      "earnings_growth": -11.137693255204637
    },
    {
      "date": "2024-08-02",
      "quarter": "Q3 2024",
      "revenue": 18587824.566588126,
      "earnings": 2545171.61129982,
      "eps_actual": 0.001015801696890651,
      "eps_estimate": 0.0009977254930064238,
      "surprise_percent": 1.8117412064673928,
      "price_on_date": 0.33850347607895453,
      "revenue_growth": -16.400912374567405,
      "earnings_growth": -12.987207051521581
    },
    {
      "date": "2024-05-04",
      "quarter": "Q2 2024",
      "revenue": 17658433.338258717,
      "earnings": 2417913.030734828,
      "eps_actual": 0.0009650116120461182,
      "eps_estimate": 0.0009464503802095915,
      "surprise_percent": 1.9611415690293577,
      "price_on_date": 0.37416722063601165,
      "revenue_growth": -13.953149152634264,
      "earnings_growth": -19.673307876835363
    },
    {
      "date": "2024-02-04",
      "quarter": "Q1 2024",
      "revenue": 16775511.671345782,
      "earnings": 2297017.379198087,
      "eps_actual": 0.0009167610314438124,
      "eps_estimate": 0.000915406242212568,
      "surprise_percent": 0.1479986883167593,
      "price_on_date": 0.3443133749289257,
      "revenue_growth": -14.908394560108286,
      "earnings_growth": -14.27630092076948
    },
    {
      "date": "2023-11-06",
      "quarter": "Q4 2023",
      "revenue": 15936736.08777849,
      "earnings": 2182166.5102381823,
      "eps_actual": 0.0008709229798716217,
      "eps_estimate": 0.0008560185803751961,
      "surprise_percent": 1.7411303724146872,
      "price_on_date": 0.3398260264642995,
      "revenue_growth": -15.156303569479505,
      "earnings_growth": -19.17856653475607
    }
  ],
  "metrics": {
    "revenue_trend": [
      {
        "date": "2025-07-28",
        "value": 22820972.296514764
      },
      {
        "date": "2025-04-29",
        "value": 21679923.681689024
      },
      {
        "date": "2025-01-29",
        "value": 20595927.497604575
      },
      {
        "date": "2024-10-31",
        "value": 19566131.122724343
      },
      {
        "date": "2024-08-02",
        "value": 18587824.566588126
      },
      {
        "date": "2024-05-04",
        "value": 17658433.338258717
      },
      {
        "date": "2024-02-04",
        "value": 16775511.671345782
      },
      {
        "date": "2023-11-06",
        "value": 15936736.08777849
      }
    ],
    "eps_trend": [
      {
        "date": "2025-07-28",
        "value": 0.0012471380015692342
      },
      {
        "date": "2025-04-29",
        "value": 0.0011847811014907726
      },
      {
        "date": "2025-01-29",
        "value": 0.001125542046416234
      },
      {
        "date": "2024-10-31",
        "value": 0.001069264944095422
      },
      {
        "date": "2024-08-02",
        "value": 0.001015801696890651
      },
      {
        "date": "2024-05-04",
        "value": 0.0009650116120461182
      },
      {
        "date": "2024-02-04",
        "value": 0.0009167610314438124
      },
      {
        "date": "2023-11-06",
        "value": 0.0008709229798716217
      }
    ],
    "earnings_dates": [
      "2025-07-28",
      "2025-04-29",
      "2025-01-29",
      "2024-10-31",
      "2024-08-02",
      "2024-05-04",
      "2024-02-04",
      "2023-11-06"
    ]
  },
  "analysis": {
    "avg_revenue_growth": -15.50073577818631,
    "avg_earnings_surprise": 0.7503161375648585,
    "consistency_score": 82,
    "trend_direction": "declining"
  }
}