{
  "ticker": "FDS",
  "quarters": [
    {
      "date": "2025-07-28",
      "quarter": "Q3 2025",
      "revenue": 115539914.03019321,
      "earnings": 11732995.758932564,
      "eps_actual": 0.00912735473278497,
      "eps_estimate": 0.009062688032428993,
      "surprise_percent": 0.7135487851350623,
      "price_on_date": 1.527946312028082,
      "revenue_growth": 15.760524284892362,
      "earnings_growth": 18.063180769792424
    },
    {
      "date": "2025-04-29",
      "quarter": "Q2 2025",
      "revenue": 109762918.32868354,
      "earnings": 11146345.970985936,
      "eps_actual": 0.008670986996145724,
      "eps_estimate": 0.008808556765447312,
      "surprise_percent": -1.5617742266386165,
      "price_on_date": 1.4234884055730168,
      "revenue_growth": 18.084293656120707,
      "earnings_growth": 15.473746823156798
    },
    {
      "date": "2025-01-29",
      "quarter": "Q1 2025",
      "revenue": 104274772.41224937,
      "earnings": 10589028.67243664,
      "eps_actual": 0.008237437646338436,
      "eps_estimate": 0.008176638002800591,
      "surprise_percent": 0.7435775378220272,
      "price_on_date": 1.1909986568592317,
      "revenue_growth": 17.711222443504283,
      "earnings_growth": 18.938471736411593
    },
    {
      "date": "2024-10-31",
      "quarter": "Q4 2024",
      "revenue": 99061033.79163688,
      "earnings": 10059577.238814805,
      "eps_actual": 0.007825565764021512,
      "eps_estimate": 0.00749311161251361,
      "surprise_percent": 4.436797003700018,
      "price_on_date": 1.1159710392477036,
      "revenue_growth": 17.82451339467713,
      "earnings_growth": 15.851808499710984
    },
    {
      "date": "2024-08-02",
      "quarter": "Q3 2024",
      "revenue": 94107982.10205504,
      "earnings": 9556598.376874065,
      "eps_actual": 0.007434287475820437,
      "eps_estimate": 0.007471706249676191,
      "surprise_percent": -0.5008062764428867,
      "price_on_date": 1.2009658241721057,
      "revenue_growth": 17.87128856157867,
      "earnings_growth": 18.377742216349123
    },
    {
      "date": "2024-05-04",
      "quarter": "Q2 2024",
      "revenue": 89402582.99695228,
      "earnings": 9078768.458030362,
      "eps_actual": 0.007062573102029415,
      "eps_estimate": 0.0067455370582373275,
      "surprise_percent": 4.6999377670742835,
      "price_on_date": 1.2244983210426024,
      "revenue_growth": 14.637103067640101,
      "earnings_growth": 18.421816188340657
    },
    {
      "date": "2024-02-04",
      "quarter": "Q1 2024",
      "revenue": 84932453.84710467,
      "earnings": 8624830.035128843,
      "eps_actual": 0.0067094444469279445,
      "eps_estimate": 0.006833657359881781,
      "surprise_percent": -1.8176637547420986,
      "price_on_date": 1.1528327147529904,
      "revenue_growth": 16.53793741676262,
      "earnings_growth": 15.677323752900575
    },
    {
      "date": "2023-11-06",
      "quarter": "Q4 2023",
      "revenue": 80685831.15474942,
      "earnings": 8193588.5333724,
      "eps_actual": 0.006373972224581546,
      "eps_estimate": 0.006404511839045066,
      "surprise_percent": -0.4768453120397873,
      "price_on_date": 1.048339069072329,
      "revenue_growth": 14.15237811208769,
      "earnings_growth": 19.115072621484682
    }
  ],
  "metrics": {
    "revenue_trend": [
      {
        "date": "2025-07-28",
        "value": 115539914.03019321
      },
      {
        "date": "2025-04-29",
        "value": 109762918.32868354
      },
      {
        "date": "2025-01-29",
        "value": 104274772.41224937
      },
      {
        "date": "2024-10-31",
        "value": 99061033.79163688
      },
      {
        "date": "2024-08-02",
        "value": 94107982.10205504
      },
      {
        "date": "2024-05-04",
        "value": 89402582.99695228
      },
      {
        "date": "2024-02-04",
        "value": 84932453.84710467
      },
      {
        "date": "2023-11-06",
        "value": 80685831.15474942
      }
    ],
    "eps_trend": [
      {
        "date": "2025-07-28",
        "value": 0.00912735473278497
      },
      {
        "date": "2025-04-29",
        "value": 0.008670986996145724
      },
      {
        "date": "2025-01-29",
        "value": 0.008237437646338436
      },
      {
        "date": "2024-10-31",
        "value": 0.007825565764021512
      },
      {
        "date": "2024-08-02",
        "value": 0.007434287475820437
      },
      {
        "date": "2024-05-04",
        "value": 0.007062573102029415
      },
      {
        "date": "2024-02-04",
        "value": 0.0067094444469279445
      },
      {
        "date": "2023-11-06",
        "value": 0.006373972224581546
      }
    ],
    "earnings_dates": [
      "2025-07-28",
      "2025-04-29",
      "2025-01-29",
      "2024-10-31",
      "2024-08-02",
      "2024-05-04",
      "2024-02-04",
      "2023-11-06"
    ]
  },
  "analysis": {
    "avg_revenue_growth": 17.34513844479862,
    "avg_earnings_surprise": 1.0830372750046229,
    "consistency_score": 87,
    "trend_direction": "growing"
  }
}