{
  "ticker": "FDX",
  "quarters": [
    {
      "date": "2025-07-28",
      "quarter": "Q3 2025",
      "revenue": 1428912244.9789996,
      "earnings": 109381014.1861039,
      "eps_actual": 0.027470889376821288,
      "eps_estimate": 0.027873151035300615,
      "surprise_percent": -1.4431868789067792,
      "price_on_date": 3.411779610587764,
      "revenue_growth": 38.43634042410177,
      "earnings_growth": 42.735021012358494
    },
    {
      "date": "2025-04-29",
      "quarter": "Q2 2025",
      "revenue": 1357466632.7300496,
      "earnings": 103911963.4767987,
      "eps_actual": 0.026097344907980224,
      "eps_estimate": 0.025646809902163645,
      "surprise_percent": 1.7566902376368054,
      "price_on_date": 3.0601220465902674,
      "revenue_growth": 45.16519056371043,
      "earnings_growth": 31.3325266101613
    },
    {
      "date": "2025-01-29",
      "quarter": "Q1 2025",
      "revenue": 1289593301.093547,
      "earnings": 98716365.30295876,
      "eps_actual": 0.024792477662581212,
      "eps_estimate": 0.0239310290026308,
      "surprise_percent": 3.599714244864731,
      "price_on_date": 2.9638463408357616,
      "revenue_growth": 39.021298964410335,
      "earnings_growth": 49.698675876808025
    },
    {
      "date": "2024-10-31",
      "quarter": "Q4 2024",
      "revenue": 1225113636.0388696,
      "earnings": 93780547.0378108,
      "eps_actual": 0.023552853779452147,
      "eps_estimate": 0.023172599857888148,
      "surprise_percent": 1.6409635685939556,
      "price_on_date": 2.5463095696997606,
      "revenue_growth": 45.848725486518305,
      "earnings_growth": 32.18062850497518
    },
    {
      "date": "2024-08-02",
      "quarter": "Q3 2024",
      "revenue": 1163857954.236926,
      "earnings": 89091519.68592027,
      "eps_actual": 0.02237521109047954,
      "eps_estimate": 0.022038635766777514,
      "surprise_percent": 1.5272058001403217,
      "price_on_date": 2.371282395431154,
      "revenue_growth": 34.74583953655457,
      "earnings_growth": 50.35107196827213
    },
    {
      "date": "2024-05-04",
      "quarter": "Q2 2024",
      "revenue": 1105665056.5250797,
      "earnings": 84636943.70162424,
      "eps_actual": 0.02125645053595556,
      "eps_estimate": 0.021238970362060225,
      "surprise_percent": 0.08230236022439787,
      "price_on_date": 2.669504313472469,
      "revenue_growth": 33.13844639690204,
      "earnings_growth": 43.22225151185655
    },
    {
      "date": "2024-02-04",
      "quarter": "Q1 2024",
      "revenue": 1050381803.6988257,
      "earnings": 80405096.51654303,
      "eps_actual": 0.020193628009157784,
      "eps_estimate": 0.019643799855013883,
      "surprise_percent": 2.7989908174693765,
      "price_on_date": 2.460361285351643,
      "revenue_growth": 35.97441807994566,
      "earnings_growth": 51.12904651588262
    },
    {
      "date": "2023-11-06",
      "quarter": "Q4 2023",
      "revenue": 997862713.5138843,
      "earnings": 76384841.69071588,
      "eps_actual": 0.019183946608699893,
      "eps_estimate": 0.018580104705429992,
      "surprise_percent": 3.249938107686924,
      "price_on_date": 2.3398394222918575,
      "revenue_growth": 45.95684180370942,
      "earnings_growth": 36.41087831123573
    }
  ],
  "metrics": {
    "revenue_trend": [
      {
        "date": "2025-07-28",
        "value": 1428912244.9789996
      },
      {
        "date": "2025-04-29",
        "value": 1357466632.7300496
      },
      {
        "date": "2025-01-29",
        "value": 1289593301.093547
      },
      {
        "date": "2024-10-31",
        "value": 1225113636.0388696
      },
      {
        "date": "2024-08-02",
        "value": 1163857954.236926
      },
      {
        "date": "2024-05-04",
        "value": 1105665056.5250797
      },
      {
        "date": "2024-02-04",
        "value": 1050381803.6988257
      },
      {
        "date": "2023-11-06",
        "value": 997862713.5138843
      }
    ],
    "eps_trend": [
      {
        "date": "2025-07-28",
        "value": 0.027470889376821288
      },
      {
        "date": "2025-04-29",
        "value": 0.026097344907980224
      },
      {
        "date": "2025-01-29",
        "value": 0.024792477662581212
      },
      {
        "date": "2024-10-31",
        "value": 0.023552853779452147
      },
      {
        "date": "2024-08-02",
        "value": 0.02237521109047954
      },
      {
        "date": "2024-05-04",
        "value": 0.02125645053595556
      },
      {
        "date": "2024-02-04",
        "value": 0.020193628009157784
      },
      {
        "date": "2023-11-06",
        "value": 0.019183946608699893
      }
    ],
    "earnings_dates": [
      "2025-07-28",
      "2025-04-29",
      "2025-01-29",
      "2024-10-31",
      "2024-08-02",
      "2024-05-04",
      "2024-02-04",
      "2023-11-06"
    ]
  },
  "analysis": {
    "avg_revenue_growth": 42.11788885968521,
    "avg_earnings_surprise": 1.3885452930471782,
    "consistency_score": 71,
    "trend_direction": "growing"
  }
}