{
  "ticker": "FE",
  "quarters": [
    {
      "date": "2025-07-28",
      "quarter": "Q3 2025",
      "revenue": 80399175.63046987,
      "earnings": 1196696.1027682952,
      "eps_actual": 0.00042371024208590703,
      "eps_estimate": 0.00040784881292698705,
      "surprise_percent": 3.889046297594468,
      "price_on_date": 0.5654920060552568,
      "revenue_growth": 5.792851995323675,
      "earnings_growth": 6.496713360906627
    },
    {
      "date": "2025-04-29",
      "quarter": "Q2 2025",
      "revenue": 76379216.84894638,
      "earnings": 1136861.2976298805,
      "eps_actual": 0.0004025247299816117,
      "eps_estimate": 0.00038889690031954235,
      "surprise_percent": 3.5042268660078957,
      "price_on_date": 0.6495308730501416,
      "revenue_growth": 5.619370162402736,
      "earnings_growth": 4.2199902971868894
    },
    {
      "date": "2025-01-29",
      "quarter": "Q1 2025",
      "revenue": 72560256.00649905,
      "earnings": 1080018.2327483865,
      "eps_actual": 0.0003823984934825311,
      "eps_estimate": 0.0003770847816084893,
      "surprise_percent": 1.4091557477805507,
      "price_on_date": 0.5783290424653803,
      "revenue_growth": 6.584153497163087,
      "earnings_growth": 5.544263567397831
    },
    {
      "date": "2024-10-31",
      "quarter": "Q4 2024",
      "revenue": 68932243.2061741,
      "earnings": 1026017.3211109671,
      "eps_actual": 0.00036327856880840454,
      "eps_estimate": 0.0003456363752803638,
      "surprise_percent": 5.104264131265194,
      "price_on_date": 0.585289822988185,
      "revenue_growth": 6.216940906705844,
      "earnings_growth": 4.324954872743634
    },
    {
      "date": "2024-08-02",
      "quarter": "Q3 2024",
      "revenue": 65485631.045865394,
      "earnings": 974716.4550554187,
      "eps_actual": 0.00034511464036798427,
      "eps_estimate": 0.0003375693766994665,
      "surprise_percent": 2.235174215827998,
      "price_on_date": 0.5035708783695501,
      "revenue_growth": 4.900349551471813,
      "earnings_growth": 6.467215114007083
    },
    {
      "date": "2024-05-04",
      "quarter": "Q2 2024",
      "revenue": 62211349.493572116,
      "earnings": 925980.6323026476,
      "eps_actual": 0.000327858908349585,
      "eps_estimate": 0.00032013341638809366,
      "surprise_percent": 2.413210107415283,
      "price_on_date": 0.4581500975670444,
      "revenue_growth": 6.073445708167956,
      "earnings_growth": 4.5692880314256525
    },
    {
      "date": "2024-02-04",
      "quarter": "Q1 2024",
      "revenue": 59100782.01889351,
      "earnings": 879681.6006875152,
      "eps_actual": 0.00031146596293210577,
      "eps_estimate": 0.0003096285898472022,
      "surprise_percent": 0.5934119603781649,
      "price_on_date": 0.4513829413789233,
      "revenue_growth": 6.7525565040649695,
      "earnings_growth": 6.711635457644757
    },
    {
      "date": "2023-11-06",
      "quarter": "Q4 2023",
      "revenue": 56145742.91794883,
      "earnings": 835697.5206531393,
      "eps_actual": 0.00029589266478550043,
      "eps_estimate": 0.00029767078551347256,
      "surprise_percent": -0.5973447225951074,
      "price_on_date": 0.4266558103731604,
      "revenue_growth": 5.865160429842076,
      "earnings_growth": 5.128978598207317
    }
  ],
  "metrics": {
    "revenue_trend": [
      {
        "date": "2025-07-28",
        "value": 80399175.63046987
      },
      {
        "date": "2025-04-29",
        "value": 76379216.84894638
      },
      {
        "date": "2025-01-29",
        "value": 72560256.00649905
      },
      {
        "date": "2024-10-31",
        "value": 68932243.2061741
      },
      {
        "date": "2024-08-02",
        "value": 65485631.045865394
      },
      {
        "date": "2024-05-04",
        "value": 62211349.493572116
      },
      {
        "date": "2024-02-04",
        "value": 59100782.01889351
      },
      {
        "date": "2023-11-06",
        "value": 56145742.91794883
      }
    ],
    "eps_trend": [
      {
        "date": "2025-07-28",
        "value": 0.00042371024208590703
      },
      {
        "date": "2025-04-29",
        "value": 0.0004025247299816117
      },
      {
        "date": "2025-01-29",
        "value": 0.0003823984934825311
      },
      {
        "date": "2024-10-31",
        "value": 0.00036327856880840454
      },
      {
        "date": "2024-08-02",
        "value": 0.00034511464036798427
      },
      {
        "date": "2024-05-04",
        "value": 0.000327858908349585
      },
      {
        "date": "2024-02-04",
        "value": 0.00031146596293210577
      },
      {
        "date": "2023-11-06",
        "value": 0.00029589266478550043
      }
    ],
    "earnings_dates": [
      "2025-07-28",
      "2025-04-29",
      "2025-01-29",
      "2024-10-31",
      "2024-08-02",
      "2024-05-04",
      "2024-02-04",
      "2023-11-06"
    ]
  },
  "analysis": {
    "avg_revenue_growth": 6.053329140398835,
    "avg_earnings_surprise": 3.476673260662027,
    "consistency_score": 89,
    "trend_direction": "growing"
  }
}