{
  "ticker": "FFIV",
  "quarters": [
    {
      "date": "2025-07-28",
      "quarter": "Q3 2025",
      "revenue": 64470000.80593487,
      "earnings": 20639410.877225723,
      "eps_actual": 0.0053837048936141085,
      "eps_estimate": 0.0053073118734800456,
      "surprise_percent": 1.439391955008128,
      "price_on_date": 0.458972862110922,
      "revenue_growth": -5.455331172064861,
      "earnings_growth": -4.019301729412198
    },
    {
      "date": "2025-04-29",
      "quarter": "Q2 2025",
      "revenue": 61246500.76563812,
      "earnings": 19607440.333364435,
      "eps_actual": 0.005114519648933402,
      "eps_estimate": 0.0048849560050649435,
      "surprise_percent": 4.699400437392617,
      "price_on_date": 0.47720342296840507,
      "revenue_growth": -6.45521059785819,
      "earnings_growth": -4.083477603429601
    },
    {
      "date": "2025-01-29",
      "quarter": "Q1 2025",
      "revenue": 58184175.72735622,
      "earnings": 18627068.316696215,
      "eps_actual": 0.004858793666486733,
      "eps_estimate": 0.004696465482256662,
      "surprise_percent": 3.456390446035431,
      "price_on_date": 0.41544821243916313,
      "revenue_growth": -5.7293086044551735,
      "earnings_growth": -5.0180756687058565
    },
    {
      "date": "2024-10-31",
      "quarter": "Q4 2024",
      "revenue": 55274966.9409884,
      "earnings": 17695714.9008614,
      "eps_actual": 0.004615853983162395,
      "eps_estimate": 0.004560324108079369,
      "surprise_percent": 1.2176738706936447,
      "price_on_date": 0.4167378843128496,
      "revenue_growth": -4.516298202610349,
      "earnings_growth": -4.227677436565443
    },
    {
      "date": "2024-08-02",
      "quarter": "Q3 2024",
      "revenue": 52511218.59393898,
      "earnings": 16810929.15581833,
      "eps_actual": 0.004385061284004275,
      "eps_estimate": 0.004366118959271531,
      "surprise_percent": 0.4338481133804176,
      "price_on_date": 0.3548389735944439,
      "revenue_growth": -6.342022641026138,
      "earnings_growth": -5.334782655629404
    },
    {
      "date": "2024-05-04",
      "quarter": "Q2 2024",
      "revenue": 49885657.66424202,
      "earnings": 15970382.698027411,
      "eps_actual": 0.004165808219804061,
      "eps_estimate": 0.004109883726800993,
      "surprise_percent": 1.3607317559467447,
      "price_on_date": 0.38958241470695626,
      "revenue_growth": -5.439914495616245,
      "earnings_growth": -4.427901785379666
    },
    {
      "date": "2024-02-04",
      "quarter": "Q1 2024",
      "revenue": 47391374.781029925,
      "earnings": 15171863.563126042,
      "eps_actual": 0.003957517808813859,
      "eps_estimate": 0.003960901798177723,
      "surprise_percent": -0.08543482106577757,
      "price_on_date": 0.3520095071407662,
      "revenue_growth": -5.7660876362865565,
      "earnings_growth": -5.507400434161917
    },
    {
      "date": "2023-11-06",
      "quarter": "Q4 2023",
      "revenue": 45021806.04197842,
      "earnings": 14413270.384969737,
      "eps_actual": 0.0037596419183731646,
      "eps_estimate": 0.003572013410270671,
      "surprise_percent": 5.2527380654003775,
      "price_on_date": 0.34146178185075005,
      "revenue_growth": -6.113133305332813,
      "earnings_growth": -4.103833744306565
    }
  ],
  "metrics": {
    "revenue_trend": [
      {
        "date": "2025-07-28",
        "value": 64470000.80593487
      },
      {
        "date": "2025-04-29",
        "value": 61246500.76563812
      },
      {
        "date": "2025-01-29",
        "value": 58184175.72735622
      },
      {
        "date": "2024-10-31",
        "value": 55274966.9409884
      },
      {
        "date": "2024-08-02",
        "value": 52511218.59393898
      },
      {
        "date": "2024-05-04",
        "value": 49885657.66424202
      },
      {
        "date": "2024-02-04",
        "value": 47391374.781029925
      },
      {
        "date": "2023-11-06",
        "value": 45021806.04197842
      }
    ],
    "eps_trend": [
      {
        "date": "2025-07-28",
        "value": 0.0053837048936141085
      },
      {
        "date": "2025-04-29",
        "value": 0.005114519648933402
      },
      {
        "date": "2025-01-29",
        "value": 0.004858793666486733
      },
      {
        "date": "2024-10-31",
        "value": 0.004615853983162395
      },
      {
        "date": "2024-08-02",
        "value": 0.004385061284004275
      },
      {
        "date": "2024-05-04",
        "value": 0.004165808219804061
      },
      {
        "date": "2024-02-04",
        "value": 0.003957517808813859
      },
      {
        "date": "2023-11-06",
        "value": 0.0037596419183731646
      }
    ],
    "earnings_dates": [
      "2025-07-28",
      "2025-04-29",
      "2025-01-29",
      "2024-10-31",
      "2024-08-02",
      "2024-05-04",
      "2024-02-04",
      "2023-11-06"
    ]
  },
  "analysis": {
    "avg_revenue_growth": -5.539037144247143,
    "avg_earnings_surprise": 2.7032141772824554,
    "consistency_score": 84,
    "trend_direction": "declining"
  }
}