{
  "ticker": "FI",
  "quarters": [
    {
      "date": "2025-07-28",
      "quarter": "Q3 2025",
      "revenue": 49751997.359604366,
      "earnings": 1302414.499649239,
      "eps_actual": 0.0004786044932902989,
      "eps_estimate": 0.0004591838191069068,
      "surprise_percent": 4.229389925186056,
      "price_on_date": 0.13091655628066426,
      "revenue_growth": -7.393561230827119,
      "earnings_growth": -9.608381138114986
    },
    {
      "date": "2025-04-29",
      "quarter": "Q2 2025",
      "revenue": 47264397.49162415,
      "earnings": 1237293.774666777,
      "eps_actual": 0.00045467426862578396,
      "eps_estimate": 0.00044380471383722507,
      "surprise_percent": 2.449175155121388,
      "price_on_date": 0.13415846675497772,
      "revenue_growth": -8.179730414125698,
      "earnings_growth": -9.4910243395536
    },
    {
      "date": "2025-01-29",
      "quarter": "Q1 2025",
      "revenue": 44901177.61704294,
      "earnings": 1175429.0859334383,
      "eps_actual": 0.0004319405551944948,
      "eps_estimate": 0.0004290014465472792,
      "surprise_percent": 0.685104600665173,
      "price_on_date": 0.11713774187050788,
      "revenue_growth": -7.421228861818855,
      "earnings_growth": -9.976481866044768
    },
    {
      "date": "2024-10-31",
      "quarter": "Q4 2024",
      "revenue": 42656118.73619079,
      "earnings": 1116657.6316367663,
      "eps_actual": 0.00041034352743477,
      "eps_estimate": 0.00040609564146263847,
      "surprise_percent": 1.0460309194237758,
      "price_on_date": 0.10294361802645063,
      "revenue_growth": -7.1210939741137,
      "earnings_growth": -6.331905350260599
    },
    {
      "date": "2024-08-02",
      "quarter": "Q3 2024",
      "revenue": 40523312.79938125,
      "earnings": 1060824.750054928,
      "eps_actual": 0.00038982635106303153,
      "eps_estimate": 0.0003739328572940953,
      "surprise_percent": 4.2503603144016076,
      "price_on_date": 0.11380960222179819,
      "revenue_growth": -9.09265823719933,
      "earnings_growth": -6.275194670051415
    },
    {
      "date": "2024-05-04",
      "quarter": "Q2 2024",
      "revenue": 38497147.15941218,
      "earnings": 1007783.5125521814,
      "eps_actual": 0.00037033503350987983,
      "eps_estimate": 0.0003753488569067941,
      "surprise_percent": -1.3357769191659785,
      "price_on_date": 0.10378328553610523,
      "revenue_growth": -7.796775884924458,
      "earnings_growth": -8.4604493306808
    },
    {
      "date": "2024-02-04",
      "quarter": "Q1 2024",
      "revenue": 36572289.80144157,
      "earnings": 957394.3369245724,
      "eps_actual": 0.00035181828183438585,
      "eps_estimate": 0.00034464055484538877,
      "surprise_percent": 2.0826704484088134,
      "price_on_date": 0.10469083260803817,
      "revenue_growth": -9.098592010854796,
      "earnings_growth": -8.3710522462853
    },
    {
      "date": "2023-11-06",
      "quarter": "Q4 2023",
      "revenue": 34743675.311369486,
      "earnings": 909524.6200783435,
      "eps_actual": 0.0003342273677426665,
      "eps_estimate": 0.00032192406645253295,
      "surprise_percent": 3.821802273346854,
      "price_on_date": 0.08772434235949629,
      "revenue_growth": -9.721033131069547,
      "earnings_growth": -10.233849971737795
    }
  ],
  "metrics": {
    "revenue_trend": [
      {
        "date": "2025-07-28",
        "value": 49751997.359604366
      },
      {
        "date": "2025-04-29",
        "value": 47264397.49162415
      },
      {
        "date": "2025-01-29",
        "value": 44901177.61704294
      },
      {
        "date": "2024-10-31",
        "value": 42656118.73619079
      },
      {
        "date": "2024-08-02",
        "value": 40523312.79938125
      },
      {
        "date": "2024-05-04",
        "value": 38497147.15941218
      },
      {
        "date": "2024-02-04",
        "value": 36572289.80144157
      },
      {
        "date": "2023-11-06",
        "value": 34743675.311369486
      }
    ],
    "eps_trend": [
      {
        "date": "2025-07-28",
        "value": 0.0004786044932902989
      },
      {
        "date": "2025-04-29",
        "value": 0.00045467426862578396
      },
      {
        "date": "2025-01-29",
        "value": 0.0004319405551944948
      },
      {
        "date": "2024-10-31",
        "value": 0.00041034352743477
      },
      {
        "date": "2024-08-02",
        "value": 0.00038982635106303153
      },
      {
        "date": "2024-05-04",
        "value": 0.00037033503350987983
      },
      {
        "date": "2024-02-04",
        "value": 0.00035181828183438585
      },
      {
        "date": "2023-11-06",
        "value": 0.0003342273677426665
      }
    ],
    "earnings_dates": [
      "2025-07-28",
      "2025-04-29",
      "2025-01-29",
      "2024-10-31",
      "2024-08-02",
      "2024-05-04",
      "2024-02-04",
      "2023-11-06"
    ]
  },
  "analysis": {
    "avg_revenue_growth": -7.528903620221342,
    "avg_earnings_surprise": 2.1024251500990982,
    "consistency_score": 75,
    "trend_direction": "declining"
  }
}