{
  "ticker": "FICO",
  "quarters": [
    {
      "date": "2025-07-28",
      "quarter": "Q3 2025",
      "revenue": 79936221.20461187,
      "earnings": 16755131.540879322,
      "eps_actual": 0.0035553188405767185,
      "eps_estimate": 0.0034903504439932763,
      "surprise_percent": 1.8613717340403353,
      "price_on_date": 0.16190984312031978,
      "revenue_growth": 29.30587725783457,
      "earnings_growth": 30.13327349546294
    },
    {
      "date": "2025-04-29",
      "quarter": "Q2 2025",
      "revenue": 75939410.14438127,
      "earnings": 15917374.963835355,
      "eps_actual": 0.003377552898547882,
      "eps_estimate": 0.0033913961365273273,
      "surprise_percent": -0.4081869950356229,
      "price_on_date": 0.15899821865007063,
      "revenue_growth": 32.58605712817572,
      "earnings_growth": 28.755337787139652
    },
    {
      "date": "2025-01-29",
      "quarter": "Q1 2025",
      "revenue": 72142439.63716221,
      "earnings": 15121506.215643588,
      "eps_actual": 0.003208675253620488,
      "eps_estimate": 0.0031756442299824784,
      "surprise_percent": 1.0401361502069761,
      "price_on_date": 0.13667933012980443,
      "revenue_growth": 31.136137873714365,
      "earnings_growth": 36.485905456016525
    },
    {
      "date": "2024-10-31",
      "quarter": "Q4 2024",
      "revenue": 68535317.65530409,
      "earnings": 14365430.904861407,
      "eps_actual": 0.0030482414909394637,
      "eps_estimate": 0.0030060549058252965,
      "surprise_percent": 1.4033870450075872,
      "price_on_date": 0.14596602947361667,
      "revenue_growth": 31.94262608381959,
      "earnings_growth": 22.304507176858465
    },
    {
      "date": "2024-08-02",
      "quarter": "Q3 2024",
      "revenue": 65108551.772538885,
      "earnings": 13647159.359618336,
      "eps_actual": 0.0028958294163924903,
      "eps_estimate": 0.0029377940709399155,
      "surprise_percent": -1.4284409844288046,
      "price_on_date": 0.13079310886701706,
      "revenue_growth": 30.322423394008258,
      "earnings_growth": 20.918958309640214
    },
    {
      "date": "2024-05-04",
      "quarter": "Q2 2024",
      "revenue": 61853124.183911934,
      "earnings": 12964801.391637418,
      "eps_actual": 0.0027510379455728657,
      "eps_estimate": 0.0026165816953425854,
      "surprise_percent": 5.138622289898582,
      "price_on_date": 0.1358379782384424,
      "revenue_growth": 29.79505092185037,
      "earnings_growth": 21.54433242585433
    },
    {
      "date": "2024-02-04",
      "quarter": "Q1 2024",
      "revenue": 58760467.974716336,
      "earnings": 12316561.322055547,
      "eps_actual": 0.002613486048294222,
      "eps_estimate": 0.002623626559801142,
      "surprise_percent": -0.3865074268682817,
      "price_on_date": 0.11661015851016857,
      "revenue_growth": 26.4267348364753,
      "earnings_growth": 28.869303120958804
    },
    {
      "date": "2023-11-06",
      "quarter": "Q4 2023",
      "revenue": 55822444.575980514,
      "earnings": 11700733.255952768,
      "eps_actual": 0.0024828117458795106,
      "eps_estimate": 0.0024631409938598112,
      "surprise_percent": 0.7986043863804473,
      "price_on_date": 0.11510083344837208,
      "revenue_growth": 28.018477340361393,
      "earnings_growth": 31.230958791476027
    }
  ],
  "metrics": {
    "revenue_trend": [
      {
        "date": "2025-07-28",
        "value": 79936221.20461187
      },
      {
        "date": "2025-04-29",
        "value": 75939410.14438127
      },
      {
        "date": "2025-01-29",
        "value": 72142439.63716221
      },
      {
        "date": "2024-10-31",
        "value": 68535317.65530409
      },
      {
        "date": "2024-08-02",
        "value": 65108551.772538885
      },
      {
        "date": "2024-05-04",
        "value": 61853124.183911934
      },
      {
        "date": "2024-02-04",
        "value": 58760467.974716336
      },
      {
        "date": "2023-11-06",
        "value": 55822444.575980514
      }
    ],
    "eps_trend": [
      {
        "date": "2025-07-28",
        "value": 0.0035553188405767185
      },
      {
        "date": "2025-04-29",
        "value": 0.003377552898547882
      },
      {
        "date": "2025-01-29",
        "value": 0.003208675253620488
      },
      {
        "date": "2024-10-31",
        "value": 0.0030482414909394637
      },
      {
        "date": "2024-08-02",
        "value": 0.0028958294163924903
      },
      {
        "date": "2024-05-04",
        "value": 0.0027510379455728657
      },
      {
        "date": "2024-02-04",
        "value": 0.002613486048294222
      },
      {
        "date": "2023-11-06",
        "value": 0.0024828117458795106
      }
    ],
    "earnings_dates": [
      "2025-07-28",
      "2025-04-29",
      "2025-01-29",
      "2024-10-31",
      "2024-08-02",
      "2024-05-04",
      "2024-02-04",
      "2023-11-06"
    ]
  },
  "analysis": {
    "avg_revenue_growth": 31.24267458588606,
    "avg_earnings_surprise": 0.9741769835548189,
    "consistency_score": 68,
    "trend_direction": "growing"
  }
}