{
  "ticker": "FIS",
  "quarters": [
    {
      "date": "2025-07-28",
      "quarter": "Q3 2025",
      "revenue": 51670707.511588395,
      "earnings": 13702415.343637299,
      "eps_actual": 0.0037656804777500344,
      "eps_estimate": 0.0037424878407819745,
      "surprise_percent": 0.6197117520417624,
      "price_on_date": 0.152715013684022,
      "revenue_growth": -4.063518011424133,
      "earnings_growth": -3.215888941069904
    },
    {
      "date": "2025-04-29",
      "quarter": "Q2 2025",
      "revenue": 49087172.13600897,
      "earnings": 13017294.576455433,
      "eps_actual": 0.0035773964538625327,
      "eps_estimate": 0.003535213461191595,
      "surprise_percent": 1.1932233550819087,
      "price_on_date": 0.1412701483075557,
      "revenue_growth": -4.059801141692263,
      "earnings_growth": -3.076448358563524
    },
    {
      "date": "2025-01-29",
      "quarter": "Q1 2025",
      "revenue": 46632813.529208526,
      "earnings": 12366429.847632661,
      "eps_actual": 0.003398526631169406,
      "eps_estimate": 0.0034291795489860277,
      "surprise_percent": -0.893884889337026,
      "price_on_date": 0.16221414426733258,
      "revenue_growth": -3.4670408023554264,
      "earnings_growth": -4.083144158552374
    },
    {
      "date": "2024-10-31",
      "quarter": "Q4 2024",
      "revenue": 44301172.852748096,
      "earnings": 11748108.355251027,
      "eps_actual": 0.0032286002996109353,
      "eps_estimate": 0.0032775379666581373,
      "surprise_percent": -1.4931228118495323,
      "price_on_date": 0.13282876906628896,
      "revenue_growth": -2.8533252695076623,
      "earnings_growth": -3.483631153001427
    },
    {
      "date": "2024-08-02",
      "quarter": "Q3 2024",
      "revenue": 42086114.21011069,
      "earnings": 11160702.937488476,
      "eps_actual": 0.0030671702846303884,
      "eps_estimate": 0.0030143772921923293,
      "surprise_percent": 1.7513730804302616,
      "price_on_date": 0.1230787619924639,
      "revenue_growth": -3.496620783852881,
      "earnings_growth": -3.528485697310841
    },
    {
      "date": "2024-05-04",
      "quarter": "Q2 2024",
      "revenue": 39981808.49960515,
      "earnings": 10602667.79061405,
      "eps_actual": 0.0029138117703988685,
      "eps_estimate": 0.00292894841728679,
      "surprise_percent": -0.5167945873878933,
      "price_on_date": 0.13503268374433036,
      "revenue_growth": -3.752150356036021,
      "earnings_growth": -3.7788335259866943
    },
    {
      "date": "2024-02-04",
      "quarter": "Q1 2024",
      "revenue": 37982718.07462489,
      "earnings": 10072534.401083346,
      "eps_actual": 0.002768121181878925,
      "eps_estimate": 0.0027353388710095335,
      "surprise_percent": 1.1984734767905485,
      "price_on_date": 0.12891629904727103,
      "revenue_growth": -3.525124435740453,
      "earnings_growth": -2.912374210662578
    },
    {
      "date": "2023-11-06",
      "quarter": "Q4 2023",
      "revenue": 36083582.17089364,
      "earnings": 9568907.681029178,
      "eps_actual": 0.0026297151227849783,
      "eps_estimate": 0.0026247151550079627,
      "surprise_percent": 0.19049563406816097,
      "price_on_date": 0.12165625448312614,
      "revenue_growth": -3.436675682626959,
      "earnings_growth": -4.19346010230852
    }
  ],
  "metrics": {
    "revenue_trend": [
      {
        "date": "2025-07-28",
        "value": 51670707.511588395
      },
      {
        "date": "2025-04-29",
        "value": 49087172.13600897
      },
      {
        "date": "2025-01-29",
        "value": 46632813.529208526
      },
      {
        "date": "2024-10-31",
        "value": 44301172.852748096
      },
      {
        "date": "2024-08-02",
        "value": 42086114.21011069
      },
      {
        "date": "2024-05-04",
        "value": 39981808.49960515
      },
      {
        "date": "2024-02-04",
        "value": 37982718.07462489
      },
      {
        "date": "2023-11-06",
        "value": 36083582.17089364
      }
    ],
    "eps_trend": [
      {
        "date": "2025-07-28",
        "value": 0.0037656804777500344
      },
      {
        "date": "2025-04-29",
        "value": 0.0035773964538625327
      },
      {
        "date": "2025-01-29",
        "value": 0.003398526631169406
      },
      {
        "date": "2024-10-31",
        "value": 0.0032286002996109353
      },
      {
        "date": "2024-08-02",
        "value": 0.0030671702846303884
      },
      {
        "date": "2024-05-04",
        "value": 0.0029138117703988685
      },
      {
        "date": "2024-02-04",
        "value": 0.002768121181878925
      },
      {
        "date": "2023-11-06",
        "value": 0.0026297151227849783
      }
    ],
    "earnings_dates": [
      "2025-07-28",
      "2025-04-29",
      "2025-01-29",
      "2024-10-31",
      "2024-08-02",
      "2024-05-04",
      "2024-02-04",
      "2023-11-06"
    ]
  },
  "analysis": {
    "avg_revenue_growth": -3.610921306244871,
    "avg_earnings_surprise": -0.14351814851572178,
    "consistency_score": 89,
    "trend_direction": "stable"
  }
}