{
  "ticker": "FITB",
  "quarters": [
    {
      "date": "2025-07-28",
      "quarter": "Q3 2025",
      "revenue": 18358454.93681665,
      "earnings": 4863476.7377004605,
      "eps_actual": 0.00163462419631021,
      "eps_estimate": 0.0016672962243069502,
      "surprise_percent": -1.9595814781096312,
      "price_on_date": 0.4368745865728175,
      "revenue_growth": 14.219026437955966,
      "earnings_growth": 9.620876483219421
    },
    {
      "date": "2025-04-29",
      "quarter": "Q2 2025",
      "revenue": 17440532.189975817,
      "earnings": 4620302.900815438,
      "eps_actual": 0.0015528929864946995,
      "eps_estimate": 0.0014826091013246253,
      "surprise_percent": 4.740554007612632,
      "price_on_date": 0.3627004317994509,
      "revenue_growth": 11.83111579925018,
      "earnings_growth": 14.16658253194777
    },
    {
      "date": "2025-01-29",
      "quarter": "Q1 2025",
      "revenue": 16568505.580477027,
      "earnings": 4389287.755774666,
      "eps_actual": 0.0014752483371699644,
      "eps_estimate": 0.0014180924276303583,
      "surprise_percent": 4.030478438920515,
      "price_on_date": 0.38197149251861856,
      "revenue_growth": 14.582385860008499,
      "earnings_growth": 12.434141248770686
    },
    {
      "date": "2024-10-31",
      "quarter": "Q4 2024",
      "revenue": 15740080.301453175,
      "earnings": 4169823.367985932,
      "eps_actual": 0.0014014859203114662,
      "eps_estimate": 0.0013438576815194487,
      "surprise_percent": 4.288269478570042,
      "price_on_date": 0.32545066149936125,
      "revenue_growth": 11.719737724643839,
      "earnings_growth": 12.223708136727021
    },
    {
      "date": "2024-08-02",
      "quarter": "Q3 2024",
      "revenue": 14953076.286380515,
      "earnings": 3961332.199586635,
      "eps_actual": 0.0013314116242958928,
      "eps_estimate": 0.0012869697005754512,
      "surprise_percent": 3.4532222243126616,
      "price_on_date": 0.30344647292398497,
      "revenue_growth": 14.215509453348188,
      "earnings_growth": 9.522648541979624
    },
    {
      "date": "2024-05-04",
      "quarter": "Q2 2024",
      "revenue": 14205422.472061487,
      "earnings": 3763265.589607303,
      "eps_actual": 0.001264841043081098,
      "eps_estimate": 0.001263631915084584,
      "surprise_percent": 0.09568672507239755,
      "price_on_date": 0.335318255401735,
      "revenue_growth": 11.435859909819532,
      "earnings_growth": 15.300871910376994
    },
    {
      "date": "2024-02-04",
      "quarter": "Q1 2024",
      "revenue": 13495151.348458413,
      "earnings": 3575102.310126938,
      "eps_actual": 0.001201598990927043,
      "eps_estimate": 0.0012019747406819773,
      "surprise_percent": -0.0312610358784329,
      "price_on_date": 0.32788444620807633,
      "revenue_growth": 15.596684875164227,
      "earnings_growth": 15.513660437805099
    },
    {
      "date": "2023-11-06",
      "quarter": "Q4 2023",
      "revenue": 12820393.781035492,
      "earnings": 3396347.194620591,
      "eps_actual": 0.0011415190413806909,
      "eps_estimate": 0.001127184579870391,
      "surprise_percent": 1.2717048978746883,
      "price_on_date": 0.26847226384724615,
      "revenue_growth": 15.167287038726032,
      "earnings_growth": 9.8387724746324
    }
  ],
  "metrics": {
    "revenue_trend": [
      {
        "date": "2025-07-28",
        "value": 18358454.93681665
      },
      {
        "date": "2025-04-29",
        "value": 17440532.189975817
      },
      {
        "date": "2025-01-29",
        "value": 16568505.580477027
      },
      {
        "date": "2024-10-31",
        "value": 15740080.301453175
      },
      {
        "date": "2024-08-02",
        "value": 14953076.286380515
      },
      {
        "date": "2024-05-04",
        "value": 14205422.472061487
      },
      {
        "date": "2024-02-04",
        "value": 13495151.348458413
      },
      {
        "date": "2023-11-06",
        "value": 12820393.781035492
      }
    ],
    "eps_trend": [
      {
        "date": "2025-07-28",
        "value": 0.00163462419631021
      },
      {
        "date": "2025-04-29",
        "value": 0.0015528929864946995
      },
      {
        "date": "2025-01-29",
        "value": 0.0014752483371699644
      },
      {
        "date": "2024-10-31",
        "value": 0.0014014859203114662
      },
      {
        "date": "2024-08-02",
        "value": 0.0013314116242958928
      },
      {
        "date": "2024-05-04",
        "value": 0.001264841043081098
      },
      {
        "date": "2024-02-04",
        "value": 0.001201598990927043
      },
      {
        "date": "2023-11-06",
        "value": 0.0011415190413806909
      }
    ],
    "earnings_dates": [
      "2025-07-28",
      "2025-04-29",
      "2025-01-29",
      "2024-10-31",
      "2024-08-02",
      "2024-05-04",
      "2024-02-04",
      "2023-11-06"
    ]
  },
  "analysis": {
    "avg_revenue_growth": 13.08806645546462,
    "avg_earnings_surprise": 2.7749301117483895,
    "consistency_score": 93,
    "trend_direction": "growing"
  }
}