{
  "ticker": "FOX",
  "quarters": [
    {
      "date": "2025-07-28",
      "quarter": "Q3 2025",
      "revenue": 58222990.25885575,
      "earnings": 858723.2538114422,
      "eps_actual": 0.00019202650631414334,
      "eps_estimate": 0.0001935626258463538,
      "surprise_percent": -0.7936033753901364,
      "price_on_date": 0.3455348565037847,
      "revenue_growth": -18.960881673713754,
      "earnings_growth": -12.345811163323324
    },
    {
      "date": "2025-04-29",
      "quarter": "Q2 2025",
      "revenue": 55311840.74591296,
      "earnings": 815787.09112087,
      "eps_actual": 0.00018242518099843616,
      "eps_estimate": 0.00018407049644016986,
      "surprise_percent": -0.893850711305326,
      "price_on_date": 0.332889166976385,
      "revenue_growth": -14.676571305822192,
      "earnings_growth": -20.349101588266482
    },
    {
      "date": "2025-01-29",
      "quarter": "Q1 2025",
      "revenue": 52546248.708617315,
      "earnings": 774997.7365648266,
      "eps_actual": 0.0001733039219485144,
      "eps_estimate": 0.00016690158642494718,
      "surprise_percent": 3.835994408864549,
      "price_on_date": 0.33599285721806493,
      "revenue_growth": -17.773675825876033,
      "earnings_growth": -17.300118486015727
    },
    {
      "date": "2024-10-31",
      "quarter": "Q4 2024",
      "revenue": 49918936.273186445,
      "earnings": 736247.8497365852,
      "eps_actual": 0.00016463872585108864,
      "eps_estimate": 0.0001617252768018412,
      "surprise_percent": 1.8014803293966442,
      "price_on_date": 0.3063585321979579,
      "revenue_growth": -15.610427587804285,
      "earnings_growth": -17.756532006245127
    },
    {
      "date": "2024-08-02",
      "quarter": "Q3 2024",
      "revenue": 47422989.45952712,
      "earnings": 699435.4572497559,
      "eps_actual": 0.0001564067895585342,
      "eps_estimate": 0.0001505705178160382,
      "surprise_percent": 3.8761052476598024,
      "price_on_date": 0.28943746801934445,
      "revenue_growth": -16.24349227745586,
      "earnings_growth": -16.179542091660064
    },
    {
      "date": "2024-05-04",
      "quarter": "Q2 2024",
      "revenue": 45051839.986550756,
      "earnings": 664463.6843872679,
      "eps_actual": 0.00014858645008060744,
      "eps_estimate": 0.00014737993491677418,
      "surprise_percent": 0.8186427579267068,
      "price_on_date": 0.24350994597116188,
      "revenue_growth": -15.385307320616652,
      "earnings_growth": -19.460464615151714
    },
    {
      "date": "2024-02-04",
      "quarter": "Q1 2024",
      "revenue": 42799247.98722322,
      "earnings": 631240.5001679047,
      "eps_actual": 0.00014115712757657711,
      "eps_estimate": 0.0001377442615117893,
      "surprise_percent": 2.477682937445427,
      "price_on_date": 0.25818412996396267,
      "revenue_growth": -15.037863216572752,
      "earnings_growth": -17.672371728065183
    },
    {
      "date": "2023-11-06",
      "quarter": "Q4 2023",
      "revenue": 40659285.58786206,
      "earnings": 599678.4751595093,
      "eps_actual": 0.00013409927119774825,
      "eps_estimate": 0.00013569531171344905,
      "surprise_percent": -1.1761942955488338,
      "price_on_date": 0.2541853336991947,
      "revenue_growth": -17.73643798511506,
      "earnings_growth": -19.21797814627091
    }
  ],
  "metrics": {
    "revenue_trend": [
      {
        "date": "2025-07-28",
        "value": 58222990.25885575
      },
      {
        "date": "2025-04-29",
        "value": 55311840.74591296
      },
      {
        "date": "2025-01-29",
        "value": 52546248.708617315
      },
      {
        "date": "2024-10-31",
        "value": 49918936.273186445
      },
      {
        "date": "2024-08-02",
        "value": 47422989.45952712
      },
      {
        "date": "2024-05-04",
        "value": 45051839.986550756
      },
      {
        "date": "2024-02-04",
        "value": 42799247.98722322
      },
      {
        "date": "2023-11-06",
        "value": 40659285.58786206
      }
    ],
    "eps_trend": [
      {
        "date": "2025-07-28",
        "value": 0.00019202650631414334
      },
      {
        "date": "2025-04-29",
        "value": 0.00018242518099843616
      },
      {
        "date": "2025-01-29",
        "value": 0.0001733039219485144
      },
      {
        "date": "2024-10-31",
        "value": 0.00016463872585108864
      },
      {
        "date": "2024-08-02",
        "value": 0.0001564067895585342
      },
      {
        "date": "2024-05-04",
        "value": 0.00014858645008060744
      },
      {
        "date": "2024-02-04",
        "value": 0.00014115712757657711
      },
      {
        "date": "2023-11-06",
        "value": 0.00013409927119774825
      }
    ],
    "earnings_dates": [
      "2025-07-28",
      "2025-04-29",
      "2025-01-29",
      "2024-10-31",
      "2024-08-02",
      "2024-05-04",
      "2024-02-04",
      "2023-11-06"
    ]
  },
  "analysis": {
    "avg_revenue_growth": -16.755389098304065,
    "avg_earnings_surprise": 0.9875051628914326,
    "consistency_score": 73,
    "trend_direction": "declining"
  }
}