{
  "ticker": "FOXA",
  "quarters": [
    {
      "date": "2025-07-28",
      "quarter": "Q3 2025",
      "revenue": 105860138.35863096,
      "earnings": 3311103.907452884,
      "eps_actual": 0.0008940544153202165,
      "eps_estimate": 0.0009084259858051792,
      "surprise_percent": -1.5820298746985404,
      "price_on_date": 0.2994004738147944,
      "revenue_growth": -3.091587724337938,
      "earnings_growth": -3.426409449027214
    },
    {
      "date": "2025-04-29",
      "quarter": "Q2 2025",
      "revenue": 100567131.4406994,
      "earnings": 3145548.71208024,
      "eps_actual": 0.0008493516945542056,
      "eps_estimate": 0.0008071198280526209,
      "surprise_percent": 5.2324159354974284,
      "price_on_date": 0.27356617860686655,
      "revenue_growth": -3.4268546615017983,
      "earnings_growth": -4.0202208928096015
    },
    {
      "date": "2025-01-29",
      "quarter": "Q1 2025",
      "revenue": 95538774.86866443,
      "earnings": 2988271.2764762277,
      "eps_actual": 0.0008068841098264953,
      "eps_estimate": 0.0007699097086695182,
      "surprise_percent": 4.802433420520526,
      "price_on_date": 0.2559814392374819,
      "revenue_growth": -3.3909411180865585,
      "earnings_growth": -2.9853367576101686
    },
    {
      "date": "2024-10-31",
      "quarter": "Q4 2024",
      "revenue": 90761836.1252312,
      "earnings": 2838857.7126524164,
      "eps_actual": 0.0007665399043351706,
      "eps_estimate": 0.0007700249277880648,
      "surprise_percent": -0.4525857965280637,
      "price_on_date": 0.25145348692213704,
      "revenue_growth": -2.9169538058138293,
      "earnings_growth": -3.0627090297862414
    },
    {
      "date": "2024-08-02",
      "quarter": "Q3 2024",
      "revenue": 86223744.31896964,
      "earnings": 2696914.8270197953,
      "eps_actual": 0.000728212909118412,
      "eps_estimate": 0.0006968322021210274,
      "surprise_percent": 4.503337661759541,
      "price_on_date": 0.23536562199576647,
      "revenue_growth": -3.838239104110232,
      "earnings_growth": -2.3366598627302437
    },
    {
      "date": "2024-05-04",
      "quarter": "Q2 2024",
      "revenue": 81912557.10302114,
      "earnings": 2562069.085668805,
      "eps_actual": 0.0006918022636624912,
      "eps_estimate": 0.0006959083171399388,
      "surprise_percent": -0.5900279356227288,
      "price_on_date": 0.24125618077499716,
      "revenue_growth": -3.774527727362874,
      "earnings_growth": -3.8549944462292736
    },
    {
      "date": "2024-02-04",
      "quarter": "Q1 2024",
      "revenue": 77816929.24787009,
      "earnings": 2433965.631385365,
      "eps_actual": 0.0006572121504793667,
      "eps_estimate": 0.0006608476244143151,
      "surprise_percent": -0.5501228726017341,
      "price_on_date": 0.2466090364343544,
      "revenue_growth": -3.8432025059170996,
      "earnings_growth": -3.727662718532912
    },
    {
      "date": "2023-11-06",
      "quarter": "Q4 2023",
      "revenue": 73926082.78547658,
      "earnings": 2312267.3498160965,
      "eps_actual": 0.0006243515429553983,
      "eps_estimate": 0.0006060572065956624,
      "surprise_percent": 3.018582430938933,
      "price_on_date": 0.2313355500172525,
      "revenue_growth": -3.0152031613352923,
      "earnings_growth": -3.0097735918551822
    }
  ],
  "metrics": {
    "revenue_trend": [
      {
        "date": "2025-07-28",
        "value": 105860138.35863096
      },
      {
        "date": "2025-04-29",
        "value": 100567131.4406994
      },
      {
        "date": "2025-01-29",
        "value": 95538774.86866443
      },
      {
        "date": "2024-10-31",
        "value": 90761836.1252312
      },
      {
        "date": "2024-08-02",
        "value": 86223744.31896964
      },
      {
        "date": "2024-05-04",
        "value": 81912557.10302114
      },
      {
        "date": "2024-02-04",
        "value": 77816929.24787009
      },
      {
        "date": "2023-11-06",
        "value": 73926082.78547658
      }
    ],
    "eps_trend": [
      {
        "date": "2025-07-28",
        "value": 0.0008940544153202165
      },
      {
        "date": "2025-04-29",
        "value": 0.0008493516945542056
      },
      {
        "date": "2025-01-29",
        "value": 0.0008068841098264953
      },
      {
        "date": "2024-10-31",
        "value": 0.0007665399043351706
      },
      {
        "date": "2024-08-02",
        "value": 0.000728212909118412
      },
      {
        "date": "2024-05-04",
        "value": 0.0006918022636624912
      },
      {
        "date": "2024-02-04",
        "value": 0.0006572121504793667
      },
      {
        "date": "2023-11-06",
        "value": 0.0006243515429553983
      }
    ],
    "earnings_dates": [
      "2025-07-28",
      "2025-04-29",
      "2025-01-29",
      "2024-10-31",
      "2024-08-02",
      "2024-05-04",
      "2024-02-04",
      "2023-11-06"
    ]
  },
  "analysis": {
    "avg_revenue_growth": -3.206584327435031,
    "avg_earnings_surprise": 2.000058421197837,
    "consistency_score": 70,
    "trend_direction": "stable"
  }
}