{
  "ticker": "FRT",
  "quarters": [
    {
      "date": "2025-07-28",
      "quarter": "Q3 2025",
      "revenue": 63190514.881253265,
      "earnings": 2199063.69178371,
      "eps_actual": 0.0029153923879152934,
      "eps_estimate": 0.002816552349181651,
      "surprise_percent": 3.509256228181249,
      "price_on_date": 2.5472849922748426,
      "revenue_growth": -2.9075548338996984,
      "earnings_growth": -2.295039673968671
    },
    {
      "date": "2025-04-29",
      "quarter": "Q2 2025",
      "revenue": 60030989.137190595,
      "earnings": 2089110.5071945242,
      "eps_actual": 0.0027696227685195286,
      "eps_estimate": 0.0027325430637237334,
      "surprise_percent": 1.3569668960775843,
      "price_on_date": 2.4638781013437834,
      "revenue_growth": -2.949205195394709,
      "earnings_growth": -3.3020106365748005
    },
    {
      "date": "2025-01-29",
      "quarter": "Q1 2025",
      "revenue": 57029439.680331066,
      "earnings": 1984654.9818347981,
      "eps_actual": 0.002631141630093552,
      "eps_estimate": 0.0026069555644589793,
      "surprise_percent": 0.9277513573420656,
      "price_on_date": 2.2108163182007585,
      "revenue_growth": -2.878925043944851,
      "earnings_growth": -2.198771824995872
    },
    {
      "date": "2024-10-31",
      "quarter": "Q4 2024",
      "revenue": 54177967.69631451,
      "earnings": 1885422.2327430581,
      "eps_actual": 0.0024995845485888744,
      "eps_estimate": 0.00241696781500915,
      "surprise_percent": 3.418197506258963,
      "price_on_date": 2.0896767470464344,
      "revenue_growth": -3.028046286738203,
      "earnings_growth": -2.344412841465948
    },
    {
      "date": "2024-08-02",
      "quarter": "Q3 2024",
      "revenue": 51469069.31149878,
      "earnings": 1791151.1211059052,
      "eps_actual": 0.0023746053211594308,
      "eps_estimate": 0.0023540667597157956,
      "surprise_percent": 0.8724714946535647,
      "price_on_date": 1.7513501708961872,
      "revenue_growth": -2.3233286572351717,
      "earnings_growth": -3.23355656928594
    },
    {
      "date": "2024-05-04",
      "quarter": "Q2 2024",
      "revenue": 48895615.84592384,
      "earnings": 1701593.5650506096,
      "eps_actual": 0.0022558750551014586,
      "eps_estimate": 0.0022973086524107696,
      "surprise_percent": -1.8035712034528324,
      "price_on_date": 1.9424428717878202,
      "revenue_growth": -2.3239166316501323,
      "earnings_growth": -3.4966173835667558
    },
    {
      "date": "2024-02-04",
      "quarter": "Q1 2024",
      "revenue": 46450835.05362765,
      "earnings": 1616513.8867980791,
      "eps_actual": 0.002143081302346386,
      "eps_estimate": 0.002108408163309276,
      "surprise_percent": 1.644517396607334,
      "price_on_date": 1.7100055280509807,
      "revenue_growth": -3.330054652314548,
      "earnings_growth": -2.8357409608524953
    },
    {
      "date": "2023-11-06",
      "quarter": "Q4 2023",
      "revenue": 44128293.30094626,
      "earnings": 1535688.192458175,
      "eps_actual": 0.002035927237229066,
      "eps_estimate": 0.0020245617149347492,
      "surprise_percent": 0.5613818640585725,
      "price_on_date": 1.5773697916709186,
      "revenue_growth": -2.4455667596444024,
      "earnings_growth": -2.286370212920092
    }
  ],
  "metrics": {
    "revenue_trend": [
      {
        "date": "2025-07-28",
        "value": 63190514.881253265
      },
      {
        "date": "2025-04-29",
        "value": 60030989.137190595
      },
      {
        "date": "2025-01-29",
        "value": 57029439.680331066
      },
      {
        "date": "2024-10-31",
        "value": 54177967.69631451
      },
      {
        "date": "2024-08-02",
        "value": 51469069.31149878
      },
      {
        "date": "2024-05-04",
        "value": 48895615.84592384
      },
      {
        "date": "2024-02-04",
        "value": 46450835.05362765
      },
      {
        "date": "2023-11-06",
        "value": 44128293.30094626
      }
    ],
    "eps_trend": [
      {
        "date": "2025-07-28",
        "value": 0.0029153923879152934
      },
      {
        "date": "2025-04-29",
        "value": 0.0027696227685195286
      },
      {
        "date": "2025-01-29",
        "value": 0.002631141630093552
      },
      {
        "date": "2024-10-31",
        "value": 0.0024995845485888744
      },
      {
        "date": "2024-08-02",
        "value": 0.0023746053211594308
      },
      {
        "date": "2024-05-04",
        "value": 0.0022558750551014586
      },
      {
        "date": "2024-02-04",
        "value": 0.002143081302346386
      },
      {
        "date": "2023-11-06",
        "value": 0.002035927237229066
      }
    ],
    "earnings_dates": [
      "2025-07-28",
      "2025-04-29",
      "2025-01-29",
      "2024-10-31",
      "2024-08-02",
      "2024-05-04",
      "2024-02-04",
      "2023-11-06"
    ]
  },
  "analysis": {
    "avg_revenue_growth": -2.9409328399943653,
    "avg_earnings_surprise": 2.3030429969649653,
    "consistency_score": 82,
    "trend_direction": "stable"
  }
}