{
  "ticker": "FSLR",
  "quarters": [
    {
      "date": "2025-07-28",
      "quarter": "Q3 2025",
      "revenue": 52801736.56256111,
      "earnings": 4944425.914088924,
      "eps_actual": 0.0025395226111006885,
      "eps_estimate": 0.0025071536829199947,
      "surprise_percent": 1.2910627857082484,
      "price_on_date": 0.8759171986943877,
      "revenue_growth": -14.221472779773224,
      "earnings_growth": -15.811492798199177
    },
    {
      "date": "2025-04-29",
      "quarter": "Q2 2025",
      "revenue": 50161649.734433055,
      "earnings": 4697204.618384479,
      "eps_actual": 0.0024125464805456543,
      "eps_estimate": 0.0023052600303084645,
      "surprise_percent": 4.653984749079865,
      "price_on_date": 0.9274037809081902,
      "revenue_growth": -13.751584091147576,
      "earnings_growth": -14.079328689355117
    },
    {
      "date": "2025-01-29",
      "quarter": "Q1 2025",
      "revenue": 47653567.2477114,
      "earnings": 4462344.3874652535,
      "eps_actual": 0.0022919191565183706,
      "eps_estimate": 0.0022538005284382994,
      "surprise_percent": 1.6913044255289227,
      "price_on_date": 0.782606436760373,
      "revenue_growth": -14.698495332840016,
      "earnings_growth": -11.13539016701165
    },
    {
      "date": "2024-10-31",
      "quarter": "Q4 2024",
      "revenue": 45270888.88532583,
      "earnings": 4239227.168091991,
      "eps_actual": 0.0021773231986924524,
      "eps_estimate": 0.002176992017900688,
      "surprise_percent": 0.015212770145287496,
      "price_on_date": 0.7835645679298125,
      "revenue_growth": -16.011802482562736,
      "earnings_growth": -17.17682288992211
    },
    {
      "date": "2024-08-02",
      "quarter": "Q3 2024",
      "revenue": 43007344.44105953,
      "earnings": 4027265.809687391,
      "eps_actual": 0.0020684570387578295,
      "eps_estimate": 0.002045611550301311,
      "surprise_percent": 1.11680482314217,
      "price_on_date": 0.7694558746275454,
      "revenue_growth": -14.13767710019614,
      "earnings_growth": -18.39426460999762
    },
    {
      "date": "2024-05-04",
      "quarter": "Q2 2024",
      "revenue": 40856977.21900655,
      "earnings": 3825902.5192030217,
      "eps_actual": 0.001965034186819938,
      "eps_estimate": 0.0019265785492910172,
      "surprise_percent": 1.996058636855092,
      "price_on_date": 0.6468401762351086,
      "revenue_growth": -16.098612248608774,
      "earnings_growth": -14.235061856489837
    },
    {
      "date": "2024-02-04",
      "quarter": "Q1 2024",
      "revenue": 38814128.358056225,
      "earnings": 3634607.3932428705,
      "eps_actual": 0.0018667824774789411,
      "eps_estimate": 0.0018242850336646643,
      "surprise_percent": 2.3295396843171505,
      "price_on_date": 0.6864584505336062,
      "revenue_growth": -13.959589793715995,
      "earnings_growth": -13.38469604295373
    },
    {
      "date": "2023-11-06",
      "quarter": "Q4 2023",
      "revenue": 36873421.940153405,
      "earnings": 3452877.0235807262,
      "eps_actual": 0.0017734433536049938,
      "eps_estimate": 0.0016888849549306158,
      "surprise_percent": 5.0067589522610145,
      "price_on_date": 0.5775205503623411,
      "revenue_growth": -17.396021695732124,
      "earnings_growth": -10.203630247173894
    }
  ],
  "metrics": {
    "revenue_trend": [
      {
        "date": "2025-07-28",
        "value": 52801736.56256111
      },
      {
        "date": "2025-04-29",
        "value": 50161649.734433055
      },
      {
        "date": "2025-01-29",
        "value": 47653567.2477114
      },
      {
        "date": "2024-10-31",
        "value": 45270888.88532583
      },
      {
        "date": "2024-08-02",
        "value": 43007344.44105953
      },
      {
        "date": "2024-05-04",
        "value": 40856977.21900655
      },
      {
        "date": "2024-02-04",
        "value": 38814128.358056225
      },
      {
        "date": "2023-11-06",
        "value": 36873421.940153405
      }
    ],
    "eps_trend": [
      {
        "date": "2025-07-28",
        "value": 0.0025395226111006885
      },
      {
        "date": "2025-04-29",
        "value": 0.0024125464805456543
      },
      {
        "date": "2025-01-29",
        "value": 0.0022919191565183706
      },
      {
        "date": "2024-10-31",
        "value": 0.0021773231986924524
      },
      {
        "date": "2024-08-02",
        "value": 0.0020684570387578295
      },
      {
        "date": "2024-05-04",
        "value": 0.001965034186819938
      },
      {
        "date": "2024-02-04",
        "value": 0.0018667824774789411
      },
      {
        "date": "2023-11-06",
        "value": 0.0017734433536049938
      }
    ],
    "earnings_dates": [
      "2025-07-28",
      "2025-04-29",
      "2025-01-29",
      "2024-10-31",
      "2024-08-02",
      "2024-05-04",
      "2024-02-04",
      "2023-11-06"
    ]
  },
  "analysis": {
    "avg_revenue_growth": -14.670838671580889,
    "avg_earnings_surprise": 1.9128911826155808,
    "consistency_score": 69,
    "trend_direction": "declining"
  }
}