{
  "ticker": "FTNT",
  "quarters": [
    {
      "date": "2025-07-28",
      "quarter": "Q3 2025",
      "revenue": 1555852175.0342238,
      "earnings": 47197676.56570665,
      "eps_actual": 0.09384238499733348,
      "eps_estimate": 0.09213417706641942,
      "surprise_percent": 1.8540437276414943,
      "price_on_date": 180.55380160290272,
      "revenue_growth": 23.890622070271455,
      "earnings_growth": 22.790778419975496
    },
    {
      "date": "2025-04-29",
      "quarter": "Q2 2025",
      "revenue": 1478059566.2825124,
      "earnings": 44837792.73742131,
      "eps_actual": 0.08915026574746679,
      "eps_estimate": 0.08606032568641618,
      "surprise_percent": 3.590435007543001,
      "price_on_date": 167.938759615869,
      "revenue_growth": 21.19575193069034,
      "earnings_growth": 30.7757375201607
    },
    {
      "date": "2025-01-29",
      "quarter": "Q1 2025",
      "revenue": 1404156587.968387,
      "earnings": 42595903.10055025,
      "eps_actual": 0.08469275246009346,
      "eps_estimate": 0.08124433104538883,
      "surprise_percent": 4.24450711862972,
      "price_on_date": 175.20489087109817,
      "revenue_growth": 24.316426393818315,
      "earnings_growth": 20.910495398204215
    },
    {
      "date": "2024-10-31",
      "quarter": "Q4 2024",
      "revenue": 1333948758.5699675,
      "earnings": 40466107.94552273,
      "eps_actual": 0.08045811483708878,
      "eps_estimate": 0.07650770380184423,
      "surprise_percent": 5.163416020792057,
      "price_on_date": 162.06259418754664,
      "revenue_growth": 20.32576363482487,
      "earnings_growth": 31.235350108678535
    },
    {
      "date": "2024-08-02",
      "quarter": "Q3 2024",
      "revenue": 1267251320.641469,
      "earnings": 38442802.54824659,
      "eps_actual": 0.07643520909523434,
      "eps_estimate": 0.07593732489991584,
      "surprise_percent": 0.6556514809742175,
      "price_on_date": 165.06622849625543,
      "revenue_growth": 27.498569142470316,
      "earnings_growth": 19.56467143460621
    },
    {
      "date": "2024-05-04",
      "quarter": "Q2 2024",
      "revenue": 1203888754.6093955,
      "earnings": 36520662.420834266,
      "eps_actual": 0.07261344864047262,
      "eps_estimate": 0.07109096318984977,
      "surprise_percent": 2.1416019453232362,
      "price_on_date": 140.82356292189817,
      "revenue_growth": 26.931081465496778,
      "earnings_growth": 17.543505669063972
    },
    {
      "date": "2024-02-04",
      "quarter": "Q1 2024",
      "revenue": 1143694316.8789258,
      "earnings": 34694629.29979255,
      "eps_actual": 0.06898277620844899,
      "eps_estimate": 0.06823426731149385,
      "surprise_percent": 1.096969201029378,
      "price_on_date": 122.86243321748879,
      "revenue_growth": 21.6502773831528,
      "earnings_growth": 28.312673222474952
    },
    {
      "date": "2023-11-06",
      "quarter": "Q4 2023",
      "revenue": 1086509601.0349793,
      "earnings": 32959897.834802918,
      "eps_actual": 0.06553363739802653,
      "eps_estimate": 0.06422236103466833,
      "surprise_percent": 2.0417753913630725,
      "price_on_date": 139.60939800932294,
      "revenue_growth": 20.908647655097987,
      "earnings_growth": 28.337113722025556
    }
  ],
  "metrics": {
    "revenue_trend": [
      {
        "date": "2025-07-28",
        "value": 1555852175.0342238
      },
      {
        "date": "2025-04-29",
        "value": 1478059566.2825124
      },
      {
        "date": "2025-01-29",
        "value": 1404156587.968387
      },
      {
        "date": "2024-10-31",
        "value": 1333948758.5699675
      },
      {
        "date": "2024-08-02",
        "value": 1267251320.641469
      },
      {
        "date": "2024-05-04",
        "value": 1203888754.6093955
      },
      {
        "date": "2024-02-04",
        "value": 1143694316.8789258
      },
      {
        "date": "2023-11-06",
        "value": 1086509601.0349793
      }
    ],
    "eps_trend": [
      {
        "date": "2025-07-28",
        "value": 0.09384238499733348
      },
      {
        "date": "2025-04-29",
        "value": 0.08915026574746679
      },
      {
        "date": "2025-01-29",
        "value": 0.08469275246009346
      },
      {
        "date": "2024-10-31",
        "value": 0.08045811483708878
      },
      {
        "date": "2024-08-02",
        "value": 0.07643520909523434
      },
      {
        "date": "2024-05-04",
        "value": 0.07261344864047262
      },
      {
        "date": "2024-02-04",
        "value": 0.06898277620844899
      },
      {
        "date": "2023-11-06",
        "value": 0.06553363739802653
      }
    ],
    "earnings_dates": [
      "2025-07-28",
      "2025-04-29",
      "2025-01-29",
      "2024-10-31",
      "2024-08-02",
      "2024-05-04",
      "2024-02-04",
      "2023-11-06"
    ]
  },
  "analysis": {
    "avg_revenue_growth": 22.432141007401246,
    "avg_earnings_surprise": 3.713100468651568,
    "consistency_score": 62,
    "trend_direction": "growing"
  }
}