{
  "ticker": "FTV",
  "quarters": [
    {
      "date": "2025-07-28",
      "quarter": "Q3 2025",
      "revenue": 94041173.3060188,
      "earnings": 11765666.221348928,
      "eps_actual": 0.004253175036773153,
      "eps_estimate": 0.004075301715607625,
      "surprise_percent": 4.364666313767809,
      "price_on_date": 0.6247393563979307,
      "revenue_growth": 20.63084160017293,
      "earnings_growth": 17.99038757517218
    },
    {
      "date": "2025-04-29",
      "quarter": "Q2 2025",
      "revenue": 89339114.64071785,
      "earnings": 11177382.910281481,
      "eps_actual": 0.0040405162849344945,
      "eps_estimate": 0.004062710323833882,
      "surprise_percent": -0.5462865213201751,
      "price_on_date": 0.5953677102729826,
      "revenue_growth": 24.20333212917093,
      "earnings_growth": 31.65125881555188
    },
    {
      "date": "2025-01-29",
      "quarter": "Q1 2025",
      "revenue": 84872158.90868196,
      "earnings": 10618513.764767407,
      "eps_actual": 0.00383849047068777,
      "eps_estimate": 0.0038791866105995277,
      "surprise_percent": -1.0490895127488638,
      "price_on_date": 0.6330267626349024,
      "revenue_growth": 22.25228955106861,
      "earnings_growth": 28.64704160675783
    },
    {
      "date": "2024-10-31",
      "quarter": "Q4 2024",
      "revenue": 80628550.96324785,
      "earnings": 10087588.076529035,
      "eps_actual": 0.003646565947153381,
      "eps_estimate": 0.0034804920317501845,
      "surprise_percent": 4.771564304363177,
      "price_on_date": 0.5697886502491731,
      "revenue_growth": 21.627966495771,
      "earnings_growth": 21.756680126628257
    },
    {
      "date": "2024-08-02",
      "quarter": "Q3 2024",
      "revenue": 76597123.41508546,
      "earnings": 9583208.672702584,
      "eps_actual": 0.0034642376497957122,
      "eps_estimate": 0.003439345815633883,
      "surprise_percent": 0.7237374633478599,
      "price_on_date": 0.5336202098551531,
      "revenue_growth": 28.62263255888325,
      "earnings_growth": 17.959786672866244
    },
    {
      "date": "2024-05-04",
      "quarter": "Q2 2024",
      "revenue": 72767267.24433118,
      "earnings": 9104048.239067454,
      "eps_actual": 0.003291025767305926,
      "eps_estimate": 0.003336437771068802,
      "surprise_percent": -1.3610924848248664,
      "price_on_date": 0.547115380824868,
      "revenue_growth": 21.812203573815715,
      "earnings_growth": 20.641701664578466
    },
    {
      "date": "2024-02-04",
      "quarter": "Q1 2024",
      "revenue": 69128903.88211462,
      "earnings": 8648845.827114081,
      "eps_actual": 0.00312647447894063,
      "eps_estimate": 0.003054831389990015,
      "surprise_percent": 2.345238731845327,
      "price_on_date": 0.4589719360808011,
      "revenue_growth": 26.496111394573596,
      "earnings_growth": 27.30339739588653
    },
    {
      "date": "2023-11-06",
      "quarter": "Q4 2023",
      "revenue": 65672458.68800888,
      "earnings": 8216403.535758376,
      "eps_actual": 0.002970150754993598,
      "eps_estimate": 0.00296797976080988,
      "surprise_percent": 0.07314720310376066,
      "price_on_date": 0.48842881617031675,
      "revenue_growth": 20.109656400078446,
      "earnings_growth": 18.821178215854463
    }
  ],
  "metrics": {
    "revenue_trend": [
      {
        "date": "2025-07-28",
        "value": 94041173.3060188
      },
      {
        "date": "2025-04-29",
        "value": 89339114.64071785
      },
      {
        "date": "2025-01-29",
        "value": 84872158.90868196
      },
      {
        "date": "2024-10-31",
        "value": 80628550.96324785
      },
      {
        "date": "2024-08-02",
        "value": 76597123.41508546
      },
      {
        "date": "2024-05-04",
        "value": 72767267.24433118
      },
      {
        "date": "2024-02-04",
        "value": 69128903.88211462
      },
      {
        "date": "2023-11-06",
        "value": 65672458.68800888
      }
    ],
    "eps_trend": [
      {
        "date": "2025-07-28",
        "value": 0.004253175036773153
      },
      {
        "date": "2025-04-29",
        "value": 0.0040405162849344945
      },
      {
        "date": "2025-01-29",
        "value": 0.00383849047068777
      },
      {
        "date": "2024-10-31",
        "value": 0.003646565947153381
      },
      {
        "date": "2024-08-02",
        "value": 0.0034642376497957122
      },
      {
        "date": "2024-05-04",
        "value": 0.003291025767305926
      },
      {
        "date": "2024-02-04",
        "value": 0.00312647447894063
      },
      {
        "date": "2023-11-06",
        "value": 0.002970150754993598
      }
    ],
    "earnings_dates": [
      "2025-07-28",
      "2025-04-29",
      "2025-01-29",
      "2024-10-31",
      "2024-08-02",
      "2024-05-04",
      "2024-02-04",
      "2023-11-06"
    ]
  },
  "analysis": {
    "avg_revenue_growth": 22.178607444045866,
    "avg_earnings_surprise": 1.8852136460154867,
    "consistency_score": 80,
    "trend_direction": "growing"
  }
}