{
  "ticker": "GD",
  "quarters": [
    {
      "date": "2025-07-28",
      "quarter": "Q3 2025",
      "revenue": 17014771.986396402,
      "earnings": 1868450.9143286408,
      "eps_actual": 0.000383663606526075,
      "eps_estimate": 0.0003793478346857721,
      "surprise_percent": 1.1376819493059211,
      "price_on_date": 0.2962668085983459,
      "revenue_growth": 35.40779685435154,
      "earnings_growth": 44.86993847250372
    },
    {
      "date": "2025-04-29",
      "quarter": "Q2 2025",
      "revenue": 16164033.38707658,
      "earnings": 1775028.3686122086,
      "eps_actual": 0.00036448042619977126,
      "eps_estimate": 0.0003494794723385122,
      "surprise_percent": 4.2923705249070725,
      "price_on_date": 0.29697500110696784,
      "revenue_growth": 34.917316682912066,
      "earnings_growth": 50.296071442143074
    },
    {
      "date": "2025-01-29",
      "quarter": "Q1 2025",
      "revenue": 15355831.717722753,
      "earnings": 1686276.9501815983,
      "eps_actual": 0.0003462564048897827,
      "eps_estimate": 0.00034789439586435715,
      "surprise_percent": -0.4708299397881358,
      "price_on_date": 0.2770632978226696,
      "revenue_growth": 38.28113338199282,
      "earnings_growth": 33.36828885013818
    },
    {
      "date": "2024-10-31",
      "quarter": "Q4 2024",
      "revenue": 14588040.131836614,
      "earnings": 1601963.1026725182,
      "eps_actual": 0.00032894358464529355,
      "eps_estimate": 0.0003350424532229268,
      "surprise_percent": -1.8203271015256317,
      "price_on_date": 0.2460947092488695,
      "revenue_growth": 40.88866150736477,
      "earnings_growth": 40.399692476964205
    },
    {
      "date": "2024-08-02",
      "quarter": "Q3 2024",
      "revenue": 13858638.125244783,
      "earnings": 1521864.9475388923,
      "eps_actual": 0.00031249640541302883,
      "eps_estimate": 0.00030559673014900933,
      "surprise_percent": 2.2577712990106944,
      "price_on_date": 0.27036257259599583,
      "revenue_growth": 35.33728867872723,
      "earnings_growth": 54.76075349430723
    },
    {
      "date": "2024-05-04",
      "quarter": "Q2 2024",
      "revenue": 13165706.218982542,
      "earnings": 1445771.7001619474,
      "eps_actual": 0.00029687158514237735,
      "eps_estimate": 0.00029575831821281604,
      "surprise_percent": 0.3764110292107663,
      "price_on_date": 0.2576886066075049,
      "revenue_growth": 44.554853843612186,
      "earnings_growth": 38.245898997694965
    },
    {
      "date": "2024-02-04",
      "quarter": "Q1 2024",
      "revenue": 12507420.908033414,
      "earnings": 1373483.11515385,
      "eps_actual": 0.0002820280058852585,
      "eps_estimate": 0.00027386568619158503,
      "surprise_percent": 2.980409779399475,
      "price_on_date": 0.24191675618818267,
      "revenue_growth": 49.71765838194119,
      "earnings_growth": 34.361488689153994
    },
    {
      "date": "2023-11-06",
      "quarter": "Q4 2023",
      "revenue": 11882049.862631742,
      "earnings": 1304808.9593961574,
      "eps_actual": 0.0002679266055909955,
      "eps_estimate": 0.0002652828695596754,
      "surprise_percent": 0.9965724645953516,
      "price_on_date": 0.221414377239301,
      "revenue_growth": 37.55100396167169,
      "earnings_growth": 37.97500152939411
    }
  ],
  "metrics": {
    "revenue_trend": [
      {
        "date": "2025-07-28",
        "value": 17014771.986396402
      },
      {
        "date": "2025-04-29",
        "value": 16164033.38707658
      },
      {
        "date": "2025-01-29",
        "value": 15355831.717722753
      },
      {
        "date": "2024-10-31",
        "value": 14588040.131836614
      },
      {
        "date": "2024-08-02",
        "value": 13858638.125244783
      },
      {
        "date": "2024-05-04",
        "value": 13165706.218982542
      },
      {
        "date": "2024-02-04",
        "value": 12507420.908033414
      },
      {
        "date": "2023-11-06",
        "value": 11882049.862631742
      }
    ],
    "eps_trend": [
      {
        "date": "2025-07-28",
        "value": 0.000383663606526075
      },
      {
        "date": "2025-04-29",
        "value": 0.00036448042619977126
      },
      {
        "date": "2025-01-29",
        "value": 0.0003462564048897827
      },
      {
        "date": "2024-10-31",
        "value": 0.00032894358464529355
      },
      {
        "date": "2024-08-02",
        "value": 0.00031249640541302883
      },
      {
        "date": "2024-05-04",
        "value": 0.00029687158514237735
      },
      {
        "date": "2024-02-04",
        "value": 0.0002820280058852585
      },
      {
        "date": "2023-11-06",
        "value": 0.0002679266055909955
      }
    ],
    "earnings_dates": [
      "2025-07-28",
      "2025-04-29",
      "2025-01-29",
      "2024-10-31",
      "2024-08-02",
      "2024-05-04",
      "2024-02-04",
      "2023-11-06"
    ]
  },
  "analysis": {
    "avg_revenue_growth": 37.373727106655295,
    "avg_earnings_surprise": 0.7847238582248067,
    "consistency_score": 68,
    "trend_direction": "growing"
  }
}