{
  "ticker": "GDDY",
  "quarters": [
    {
      "date": "2025-07-28",
      "quarter": "Q3 2025",
      "revenue": 119040819.4847987,
      "earnings": 7000789.288320865,
      "eps_actual": 0.013636958364494418,
      "eps_estimate": 0.013597434255158214,
      "surprise_percent": 0.2906732887582125,
      "price_on_date": 1.4115294008795518,
      "revenue_growth": -1.7925360061887434,
      "earnings_growth": -2.0663636163297805
    },
    {
      "date": "2025-04-29",
      "quarter": "Q2 2025",
      "revenue": 113088778.51055875,
      "earnings": 6650749.823904821,
      "eps_actual": 0.012955110446269697,
      "eps_estimate": 0.013184744981615943,
      "surprise_percent": -1.7416683877195593,
      "price_on_date": 1.3515577192647623,
      "revenue_growth": -2.005337193918394,
      "earnings_growth": -1.8096350275270738
    },
    {
      "date": "2025-01-29",
      "quarter": "Q1 2025",
      "revenue": 107434339.58503082,
      "earnings": 6318212.33270958,
      "eps_actual": 0.012307354923956211,
      "eps_estimate": 0.012366024331771955,
      "surprise_percent": -0.474440339446889,
      "price_on_date": 1.388499437602065,
      "revenue_growth": -2.0262666224785613,
      "earnings_growth": -1.5776829786210045
    },
    {
      "date": "2024-10-31",
      "quarter": "Q4 2024",
      "revenue": 102062622.60577928,
      "earnings": 6002301.716074101,
      "eps_actual": 0.011691987177758401,
      "eps_estimate": 0.011464422123684847,
      "surprise_percent": 1.9849675074630857,
      "price_on_date": 1.1876249876108995,
      "revenue_growth": -2.103451832683172,
      "earnings_growth": -2.119432224201034
    },
    {
      "date": "2024-08-02",
      "quarter": "Q3 2024",
      "revenue": 96959491.4754903,
      "earnings": 5702186.630270395,
      "eps_actual": 0.01110738781887048,
      "eps_estimate": 0.010756334311590662,
      "surprise_percent": 3.2636909295533347,
      "price_on_date": 1.1269472668305884,
      "revenue_growth": -1.7542134627819832,
      "earnings_growth": -2.1026427437875
    },
    {
      "date": "2024-05-04",
      "quarter": "Q2 2024",
      "revenue": 92111516.90171577,
      "earnings": 5417077.298756874,
      "eps_actual": 0.010552018427926954,
      "eps_estimate": 0.010383580900350646,
      "surprise_percent": 1.6221526002712583,
      "price_on_date": 1.1083553514232156,
      "revenue_growth": -1.7062165711908492,
      "earnings_growth": -2.1035730079907764
    },
    {
      "date": "2024-02-04",
      "quarter": "Q1 2024",
      "revenue": 87505941.05662999,
      "earnings": 5146223.433819031,
      "eps_actual": 0.010024417506530608,
      "eps_estimate": 0.009835830781653445,
      "surprise_percent": 1.9173441376088878,
      "price_on_date": 1.0893319513454822,
      "revenue_growth": -1.4409145020256595,
      "earnings_growth": -1.7342360526464955
    },
    {
      "date": "2023-11-06",
      "quarter": "Q4 2023",
      "revenue": 83130644.00379848,
      "earnings": 4888912.262128079,
      "eps_actual": 0.009523196631204076,
      "eps_estimate": 0.00933033401034461,
      "surprise_percent": 2.06704948231905,
      "price_on_date": 0.929646448004083,
      "revenue_growth": -1.945222918799594,
      "earnings_growth": -2.1188595673325716
    }
  ],
  "metrics": {
    "revenue_trend": [
      {
        "date": "2025-07-28",
        "value": 119040819.4847987
      },
      {
        "date": "2025-04-29",
        "value": 113088778.51055875
      },
      {
        "date": "2025-01-29",
        "value": 107434339.58503082
      },
      {
        "date": "2024-10-31",
        "value": 102062622.60577928
      },
      {
        "date": "2024-08-02",
        "value": 96959491.4754903
      },
      {
        "date": "2024-05-04",
        "value": 92111516.90171577
      },
      {
        "date": "2024-02-04",
        "value": 87505941.05662999
      },
      {
        "date": "2023-11-06",
        "value": 83130644.00379848
      }
    ],
    "eps_trend": [
      {
        "date": "2025-07-28",
        "value": 0.013636958364494418
      },
      {
        "date": "2025-04-29",
        "value": 0.012955110446269697
      },
      {
        "date": "2025-01-29",
        "value": 0.012307354923956211
      },
      {
        "date": "2024-10-31",
        "value": 0.011691987177758401
      },
      {
        "date": "2024-08-02",
        "value": 0.01110738781887048
      },
      {
        "date": "2024-05-04",
        "value": 0.010552018427926954
      },
      {
        "date": "2024-02-04",
        "value": 0.010024417506530608
      },
      {
        "date": "2023-11-06",
        "value": 0.009523196631204076
      }
    ],
    "earnings_dates": [
      "2025-07-28",
      "2025-04-29",
      "2025-01-29",
      "2024-10-31",
      "2024-08-02",
      "2024-05-04",
      "2024-02-04",
      "2023-11-06"
    ]
  },
  "analysis": {
    "avg_revenue_growth": -1.9818979138172177,
    "avg_earnings_surprise": 0.01488301726371244,
    "consistency_score": 86,
    "trend_direction": "stable"
  }
}