{
  "ticker": "GE",
  "quarters": [
    {
      "date": "2025-07-28",
      "quarter": "Q3 2025",
      "revenue": 60896991705.20803,
      "earnings": 2568137088.382423,
      "eps_actual": 0.7076935161131062,
      "eps_estimate": 0.7103172911544164,
      "surprise_percent": -0.3693807083093939,
      "price_on_date": 236.87703384422596,
      "revenue_growth": -4.129363269574037,
      "earnings_growth": -4.092134012046159
    },
    {
      "date": "2025-04-29",
      "quarter": "Q2 2025",
      "revenue": 57852142119.947624,
      "earnings": 2439730233.9633017,
      "eps_actual": 0.6723088403074508,
      "eps_estimate": 0.6738676254575232,
      "surprise_percent": -0.23131919255122585,
      "price_on_date": 213.4382455022787,
      "revenue_growth": -3.820342634817759,
      "earnings_growth": -4.014518846740938
    },
    {
      "date": "2025-01-29",
      "quarter": "Q1 2025",
      "revenue": 54959535013.95025,
      "earnings": 2317743722.2651367,
      "eps_actual": 0.6386933982920783,
      "eps_estimate": 0.6395992318591458,
      "surprise_percent": -0.14162518057354573,
      "price_on_date": 219.72802516188,
      "revenue_growth": -3.3781312970341433,
      "earnings_growth": -4.476386886725333
    },
    {
      "date": "2024-10-31",
      "quarter": "Q4 2024",
      "revenue": 52211558263.25273,
      "earnings": 2201856536.15188,
      "eps_actual": 0.6067587283774744,
      "eps_estimate": 0.6008456227352638,
      "surprise_percent": 0.984130601683012,
      "price_on_date": 190.25259354848097,
      "revenue_growth": -4.26884355018673,
      "earnings_growth": -2.627586330967886
    },
    {
      "date": "2024-08-02",
      "quarter": "Q3 2024",
      "revenue": 49600980350.09009,
      "earnings": 2091763709.3442855,
      "eps_actual": 0.5764207919586005,
      "eps_estimate": 0.5804347947689613,
      "surprise_percent": -0.6915510314915813,
      "price_on_date": 186.70210072451974,
      "revenue_growth": -3.35286759983534,
      "earnings_growth": -4.564176561298541
    },
    {
      "date": "2024-05-04",
      "quarter": "Q2 2024",
      "revenue": 47120931332.58558,
      "earnings": 1987175523.877071,
      "eps_actual": 0.5475997523606704,
      "eps_estimate": 0.523883756002804,
      "surprise_percent": 4.526957762313102,
      "price_on_date": 201.0646165838859,
      "revenue_growth": -4.316260297619564,
      "earnings_growth": -4.362924381540562
    },
    {
      "date": "2024-02-04",
      "quarter": "Q1 2024",
      "revenue": 44764884765.9563,
      "earnings": 1887816747.6832173,
      "eps_actual": 0.5202197647426369,
      "eps_estimate": 0.49555969631008834,
      "surprise_percent": 4.976205413024125,
      "price_on_date": 191.76505404018707,
      "revenue_growth": -3.256465298675141,
      "earnings_growth": -3.291926388980993
    },
    {
      "date": "2023-11-06",
      "quarter": "Q4 2023",
      "revenue": 42526640527.65848,
      "earnings": 1793425910.2990563,
      "eps_actual": 0.494208776505505,
      "eps_estimate": 0.48281896369248967,
      "surprise_percent": 2.3590234993896306,
      "price_on_date": 163.67080970014842,
      "revenue_growth": -3.029305665112673,
      "earnings_growth": -4.0039407250815335
    }
  ],
  "metrics": {
    "revenue_trend": [
      {
        "date": "2025-07-28",
        "value": 60896991705.20803
      },
      {
        "date": "2025-04-29",
        "value": 57852142119.947624
      },
      {
        "date": "2025-01-29",
        "value": 54959535013.95025
      },
      {
        "date": "2024-10-31",
        "value": 52211558263.25273
      },
      {
        "date": "2024-08-02",
        "value": 49600980350.09009
      },
      {
        "date": "2024-05-04",
        "value": 47120931332.58558
      },
      {
        "date": "2024-02-04",
        "value": 44764884765.9563
      },
      {
        "date": "2023-11-06",
        "value": 42526640527.65848
      }
    ],
    "eps_trend": [
      {
        "date": "2025-07-28",
        "value": 0.7076935161131062
      },
      {
        "date": "2025-04-29",
        "value": 0.6723088403074508
      },
      {
        "date": "2025-01-29",
        "value": 0.6386933982920783
      },
      {
        "date": "2024-10-31",
        "value": 0.6067587283774744
      },
      {
        "date": "2024-08-02",
        "value": 0.5764207919586005
      },
      {
        "date": "2024-05-04",
        "value": 0.5475997523606704
      },
      {
        "date": "2024-02-04",
        "value": 0.5202197647426369
      },
      {
        "date": "2023-11-06",
        "value": 0.494208776505505
      }
    ],
    "earnings_dates": [
      "2025-07-28",
      "2025-04-29",
      "2025-01-29",
      "2024-10-31",
      "2024-08-02",
      "2024-05-04",
      "2024-02-04",
      "2023-11-06"
    ]
  },
  "analysis": {
    "avg_revenue_growth": -3.8991701879031675,
    "avg_earnings_surprise": 0.060451380062211624,
    "consistency_score": 90,
    "trend_direction": "stable"
  }
}