{
  "ticker": "GEHC",
  "quarters": [
    {
      "date": "2025-07-28",
      "quarter": "Q3 2025",
      "revenue": 44798509.316391595,
      "earnings": 4983053.9008493805,
      "eps_actual": 0.0015372700572747278,
      "eps_estimate": 0.0015544870966827566,
      "surprise_percent": -1.107570429164041,
      "price_on_date": 0.6354552442507337,
      "revenue_growth": -8.117454687166662,
      "earnings_growth": -9.7650411952684
    },
    {
      "date": "2025-04-29",
      "quarter": "Q2 2025",
      "revenue": 42558583.85057201,
      "earnings": 4733901.205806911,
      "eps_actual": 0.0014604065544109913,
      "eps_estimate": 0.0014079930182843553,
      "surprise_percent": 3.7225707404786763,
      "price_on_date": 0.5377557242377142,
      "revenue_growth": -6.723004924184674,
      "earnings_growth": -7.551737845949486
    },
    {
      "date": "2025-01-29",
      "quarter": "Q1 2025",
      "revenue": 40430654.658043414,
      "earnings": 4497206.145516566,
      "eps_actual": 0.0013873862266904418,
      "eps_estimate": 0.0013496775777540647,
      "surprise_percent": 2.793900525422248,
      "price_on_date": 0.5828254406956599,
      "revenue_growth": -7.884051017499699,
      "earnings_growth": -7.911757810279653
    },
    {
      "date": "2024-10-31",
      "quarter": "Q4 2024",
      "revenue": 38409121.92514124,
      "earnings": 4272345.838240737,
      "eps_actual": 0.0013180169153559195,
      "eps_estimate": 0.0013253294251848633,
      "surprise_percent": -0.5517503565518302,
      "price_on_date": 0.5306003227853284,
      "revenue_growth": -8.584483654852562,
      "earnings_growth": -8.825298613848165
    },
    {
      "date": "2024-08-02",
      "quarter": "Q3 2024",
      "revenue": 36488665.82888418,
      "earnings": 4058728.5463287,
      "eps_actual": 0.0012521160695881236,
      "eps_estimate": 0.0012414947603657293,
      "surprise_percent": 0.8555259000259867,
      "price_on_date": 0.5162343365293568,
      "revenue_growth": -8.13473194800344,
      "earnings_growth": -7.52881570017552
    },
    {
      "date": "2024-05-04",
      "quarter": "Q2 2024",
      "revenue": 34664232.537439965,
      "earnings": 3855792.119012265,
      "eps_actual": 0.0011895102661087175,
      "eps_estimate": 0.0011994039337955512,
      "surprise_percent": -0.8248820441604623,
      "price_on_date": 0.4346098028405214,
      "revenue_growth": -6.860141501656504,
      "earnings_growth": -5.296023033297818
    },
    {
      "date": "2024-02-04",
      "quarter": "Q1 2024",
      "revenue": 32931020.910567965,
      "earnings": 3663002.5130616515,
      "eps_actual": 0.0011300347528032813,
      "eps_estimate": 0.0010877700470537995,
      "surprise_percent": 3.8854448937948627,
      "price_on_date": 0.4198367516088565,
      "revenue_growth": -8.79320958064145,
      "earnings_growth": -7.5536817394302815
    },
    {
      "date": "2023-11-06",
      "quarter": "Q4 2023",
      "revenue": 31284469.86503956,
      "earnings": 3479852.387408568,
      "eps_actual": 0.001073533015163117,
      "eps_estimate": 0.0010344673721256858,
      "surprise_percent": 3.776401662350822,
      "price_on_date": 0.44604844490333234,
      "revenue_growth": -7.576143259605526,
      "earnings_growth": -6.788723542345069
    }
  ],
  "metrics": {
    "revenue_trend": [
      {
        "date": "2025-07-28",
        "value": 44798509.316391595
      },
      {
        "date": "2025-04-29",
        "value": 42558583.85057201
      },
      {
        "date": "2025-01-29",
        "value": 40430654.658043414
      },
      {
        "date": "2024-10-31",
        "value": 38409121.92514124
      },
      {
        "date": "2024-08-02",
        "value": 36488665.82888418
      },
      {
        "date": "2024-05-04",
        "value": 34664232.537439965
      },
      {
        "date": "2024-02-04",
        "value": 32931020.910567965
      },
      {
        "date": "2023-11-06",
        "value": 31284469.86503956
      }
    ],
    "eps_trend": [
      {
        "date": "2025-07-28",
        "value": 0.0015372700572747278
      },
      {
        "date": "2025-04-29",
        "value": 0.0014604065544109913
      },
      {
        "date": "2025-01-29",
        "value": 0.0013873862266904418
      },
      {
        "date": "2024-10-31",
        "value": 0.0013180169153559195
      },
      {
        "date": "2024-08-02",
        "value": 0.0012521160695881236
      },
      {
        "date": "2024-05-04",
        "value": 0.0011895102661087175
      },
      {
        "date": "2024-02-04",
        "value": 0.0011300347528032813
      },
      {
        "date": "2023-11-06",
        "value": 0.001073533015163117
      }
    ],
    "earnings_dates": [
      "2025-07-28",
      "2025-04-29",
      "2025-01-29",
      "2024-10-31",
      "2024-08-02",
      "2024-05-04",
      "2024-02-04",
      "2023-11-06"
    ]
  },
  "analysis": {
    "avg_revenue_growth": -7.827248570925899,
    "avg_earnings_surprise": 1.2142876200462633,
    "consistency_score": 83,
    "trend_direction": "declining"
  }
}