{
  "ticker": "GEN",
  "quarters": [
    {
      "date": "2025-07-28",
      "quarter": "Q3 2025",
      "revenue": 32076887.58804782,
      "earnings": 8483963.151007745,
      "eps_actual": 0.0020939779363924396,
      "eps_estimate": 0.0020599977070682703,
      "surprise_percent": 1.6495275313936641,
      "price_on_date": 0.4511964541125944,
      "revenue_growth": 2.2580237917232138,
      "earnings_growth": 2.3783436597101573
    },
    {
      "date": "2025-04-29",
      "quarter": "Q2 2025",
      "revenue": 30473043.20864543,
      "earnings": 8059764.993457358,
      "eps_actual": 0.0019892790395728177,
      "eps_estimate": 0.001970337772313234,
      "surprise_percent": 0.9613208215232035,
      "price_on_date": 0.4364190751241072,
      "revenue_growth": 3.1572836095502192,
      "earnings_growth": 2.1640536771311374
    },
    {
      "date": "2025-01-29",
      "quarter": "Q1 2025",
      "revenue": 28949391.048213158,
      "earnings": 7656776.74378449,
      "eps_actual": 0.0018898150875941765,
      "eps_estimate": 0.0018126611629079674,
      "surprise_percent": 4.25638979115295,
      "price_on_date": 0.3713959873337359,
      "revenue_growth": 2.1735803908679965,
      "earnings_growth": 3.1163935388263697
    },
    {
      "date": "2024-10-31",
      "quarter": "Q4 2024",
      "revenue": 27501921.495802496,
      "earnings": 7273937.906595265,
      "eps_actual": 0.0017953243332144676,
      "eps_estimate": 0.0017877370468953086,
      "surprise_percent": 0.4244072881040053,
      "price_on_date": 0.3937541544095951,
      "revenue_growth": 2.489545388928299,
      "earnings_growth": 2.2598341625693497
    },
    {
      "date": "2024-08-02",
      "quarter": "Q3 2024",
      "revenue": 26126825.42101237,
      "earnings": 6910241.011265501,
      "eps_actual": 0.0017055581165537441,
      "eps_estimate": 0.0016883297377142967,
      "surprise_percent": 1.0204392219479381,
      "price_on_date": 0.35767056133601227,
      "revenue_growth": 2.8913778242634582,
      "earnings_growth": 3.0808023789228534
    },
    {
      "date": "2024-05-04",
      "quarter": "Q2 2024",
      "revenue": 24820484.14996175,
      "earnings": 6564728.960702226,
      "eps_actual": 0.0016202802107260568,
      "eps_estimate": 0.001596548695466066,
      "surprise_percent": 1.4864260217921585,
      "price_on_date": 0.3476814815105876,
      "revenue_growth": 2.3405930523530336,
      "earnings_growth": 2.0845937257082636
    },
    {
      "date": "2024-02-04",
      "quarter": "Q1 2024",
      "revenue": 23579459.942463662,
      "earnings": 6236492.512667114,
      "eps_actual": 0.0015392662001897537,
      "eps_estimate": 0.0015476133762427004,
      "surprise_percent": -0.5393579676347816,
      "price_on_date": 0.3364459821764197,
      "revenue_growth": 3.1681815530850272,
      "earnings_growth": 2.4523341106692045
    },
    {
      "date": "2023-11-06",
      "quarter": "Q4 2023",
      "revenue": 22400486.945340477,
      "earnings": 5924667.887033758,
      "eps_actual": 0.001462302890180266,
      "eps_estimate": 0.0014061490814354224,
      "surprise_percent": 3.993446319896665,
      "price_on_date": 0.2811593795316657,
      "revenue_growth": 3.0692009618415232,
      "earnings_growth": 3.38806048941988
    }
  ],
  "metrics": {
    "revenue_trend": [
      {
        "date": "2025-07-28",
        "value": 32076887.58804782
      },
      {
        "date": "2025-04-29",
        "value": 30473043.20864543
      },
      {
        "date": "2025-01-29",
        "value": 28949391.048213158
      },
      {
        "date": "2024-10-31",
        "value": 27501921.495802496
      },
      {
        "date": "2024-08-02",
        "value": 26126825.42101237
      },
      {
        "date": "2024-05-04",
        "value": 24820484.14996175
      },
      {
        "date": "2024-02-04",
        "value": 23579459.942463662
      },
      {
        "date": "2023-11-06",
        "value": 22400486.945340477
      }
    ],
    "eps_trend": [
      {
        "date": "2025-07-28",
        "value": 0.0020939779363924396
      },
      {
        "date": "2025-04-29",
        "value": 0.0019892790395728177
      },
      {
        "date": "2025-01-29",
        "value": 0.0018898150875941765
      },
      {
        "date": "2024-10-31",
        "value": 0.0017953243332144676
      },
      {
        "date": "2024-08-02",
        "value": 0.0017055581165537441
      },
      {
        "date": "2024-05-04",
        "value": 0.0016202802107260568
      },
      {
        "date": "2024-02-04",
        "value": 0.0015392662001897537
      },
      {
        "date": "2023-11-06",
        "value": 0.001462302890180266
      }
    ],
    "earnings_dates": [
      "2025-07-28",
      "2025-04-29",
      "2025-01-29",
      "2024-10-31",
      "2024-08-02",
      "2024-05-04",
      "2024-02-04",
      "2023-11-06"
    ]
  },
  "analysis": {
    "avg_revenue_growth": 2.519608295267432,
    "avg_earnings_surprise": 1.8229113580434557,
    "consistency_score": 83,
    "trend_direction": "stable"
  }
}