{
  "ticker": "GEV",
  "quarters": [
    {
      "date": "2025-07-28",
      "quarter": "Q3 2025",
      "revenue": 97357499.86479741,
      "earnings": 12149757.447351921,
      "eps_actual": 0.0033276592911070826,
      "eps_estimate": 0.0033826161013939117,
      "surprise_percent": -1.6246836365552215,
      "price_on_date": 0.3496633595784691,
      "revenue_growth": 5.307433092687003,
      "earnings_growth": 3.294800433518677
    },
    {
      "date": "2025-04-29",
      "quarter": "Q2 2025",
      "revenue": 92489624.87155753,
      "earnings": 11542269.574984325,
      "eps_actual": 0.0031612763265517286,
      "eps_estimate": 0.003139609567940211,
      "surprise_percent": 0.690109968856166,
      "price_on_date": 0.3189090062251032,
      "revenue_growth": 3.882489696399492,
      "earnings_growth": 3.433833730984366
    },
    {
      "date": "2025-01-29",
      "quarter": "Q1 2025",
      "revenue": 87865143.62797967,
      "earnings": 10965156.09623511,
      "eps_actual": 0.0030032125102241423,
      "eps_estimate": 0.002875849210806025,
      "surprise_percent": 4.4287196609456645,
      "price_on_date": 0.30457852951424536,
      "revenue_growth": 5.15590632836836,
      "earnings_growth": 4.255665122429308
    },
    {
      "date": "2024-10-31",
      "quarter": "Q4 2024",
      "revenue": 83471886.44658068,
      "earnings": 10416898.291423352,
      "eps_actual": 0.002853051884712935,
      "eps_estimate": 0.0028486417818901315,
      "surprise_percent": 0.15481422939311432,
      "price_on_date": 0.26654792533441823,
      "revenue_growth": 4.829605645549136,
      "earnings_growth": 4.93112607814346
    },
    {
      "date": "2024-08-02",
      "quarter": "Q3 2024",
      "revenue": 79298292.12425163,
      "earnings": 9896053.376852185,
      "eps_actual": 0.002710399290477288,
      "eps_estimate": 0.0026972508059673645,
      "surprise_percent": 0.48747726688352855,
      "price_on_date": 0.27720224126144843,
      "revenue_growth": 5.414194444567855,
      "earnings_growth": 3.6928973451090723
    },
    {
      "date": "2024-05-04",
      "quarter": "Q2 2024",
      "revenue": 75333377.51803905,
      "earnings": 9401250.708009575,
      "eps_actual": 0.0025748793259534235,
      "eps_estimate": 0.002494125948806768,
      "surprise_percent": 3.2377425520667504,
      "price_on_date": 0.26607560659094714,
      "revenue_growth": 5.359748377484715,
      "earnings_growth": 4.0053827560059805
    },
    {
      "date": "2024-02-04",
      "quarter": "Q1 2024",
      "revenue": 71566708.6421371,
      "earnings": 8931188.172609096,
      "eps_actual": 0.0024461353596557526,
      "eps_estimate": 0.002433757731317008,
      "surprise_percent": 0.5085809560858102,
      "price_on_date": 0.23190620967619524,
      "revenue_growth": 4.883370994557931,
      "earnings_growth": 5.649771962453455
    },
    {
      "date": "2023-11-06",
      "quarter": "Q4 2023",
      "revenue": 67988373.21003023,
      "earnings": 8484628.76397864,
      "eps_actual": 0.002323828591672964,
      "eps_estimate": 0.0022225570306720166,
      "surprise_percent": 4.556533740343521,
      "price_on_date": 0.22728632245566296,
      "revenue_growth": 5.240119842693423,
      "earnings_growth": 3.854338978474453
    }
  ],
  "metrics": {
    "revenue_trend": [
      {
        "date": "2025-07-28",
        "value": 97357499.86479741
      },
      {
        "date": "2025-04-29",
        "value": 92489624.87155753
      },
      {
        "date": "2025-01-29",
        "value": 87865143.62797967
      },
      {
        "date": "2024-10-31",
        "value": 83471886.44658068
      },
      {
        "date": "2024-08-02",
        "value": 79298292.12425163
      },
      {
        "date": "2024-05-04",
        "value": 75333377.51803905
      },
      {
        "date": "2024-02-04",
        "value": 71566708.6421371
      },
      {
        "date": "2023-11-06",
        "value": 67988373.21003023
      }
    ],
    "eps_trend": [
      {
        "date": "2025-07-28",
        "value": 0.0033276592911070826
      },
      {
        "date": "2025-04-29",
        "value": 0.0031612763265517286
      },
      {
        "date": "2025-01-29",
        "value": 0.0030032125102241423
      },
      {
        "date": "2024-10-31",
        "value": 0.002853051884712935
      },
      {
        "date": "2024-08-02",
        "value": 0.002710399290477288
      },
      {
        "date": "2024-05-04",
        "value": 0.0025748793259534235
      },
      {
        "date": "2024-02-04",
        "value": 0.0024461353596557526
      },
      {
        "date": "2023-11-06",
        "value": 0.002323828591672964
      }
    ],
    "earnings_dates": [
      "2025-07-28",
      "2025-04-29",
      "2025-01-29",
      "2024-10-31",
      "2024-08-02",
      "2024-05-04",
      "2024-02-04",
      "2023-11-06"
    ]
  },
  "analysis": {
    "avg_revenue_growth": 4.793858690750998,
    "avg_earnings_surprise": 0.9122400556599308,
    "consistency_score": 60,
    "trend_direction": "stable"
  }
}