{
  "ticker": "GILD",
  "quarters": [
    {
      "date": "2025-07-28",
      "quarter": "Q3 2025",
      "revenue": 2308198961.686129,
      "earnings": 164698632.74340883,
      "eps_actual": 0.06923948476374106,
      "eps_estimate": 0.06673691719676182,
      "surprise_percent": 3.7498998636704592,
      "price_on_date": 31.78300670695496,
      "revenue_growth": -2.2690259423396095,
      "earnings_growth": -2.219358433674119
    },
    {
      "date": "2025-04-29",
      "quarter": "Q2 2025",
      "revenue": 2192789013.6018224,
      "earnings": 156463701.10623837,
      "eps_actual": 0.065777510525554,
      "eps_estimate": 0.0651647711132056,
      "surprise_percent": 0.940292433904115,
      "price_on_date": 33.70301187744765,
      "revenue_growth": -2.449743930630135,
      "earnings_growth": -1.479532275357928
    },
    {
      "date": "2025-01-29",
      "quarter": "Q1 2025",
      "revenue": 2083149562.9217315,
      "earnings": 148640516.05092645,
      "eps_actual": 0.062488634999276295,
      "eps_estimate": 0.059906891677474185,
      "surprise_percent": 4.309593186209127,
      "price_on_date": 28.961016910674168,
      "revenue_growth": -2.195955214132014,
      "earnings_growth": -2.117683605786536
    },
    {
      "date": "2024-10-31",
      "quarter": "Q4 2024",
      "revenue": 1978992084.7756448,
      "earnings": 141208490.24838012,
      "eps_actual": 0.05936420324931248,
      "eps_estimate": 0.05963383903916157,
      "surprise_percent": -0.4521523252461126,
      "price_on_date": 26.28388265669839,
      "revenue_growth": -1.7476306091296891,
      "earnings_growth": -2.5041477548106346
    },
    {
      "date": "2024-08-02",
      "quarter": "Q3 2024",
      "revenue": 1880042480.5368624,
      "earnings": 134148065.73596111,
      "eps_actual": 0.056395993086846855,
      "eps_estimate": 0.0545094684378387,
      "surprise_percent": 3.4609118435258655,
      "price_on_date": 24.983957802705493,
      "revenue_growth": -1.9584873251795591,
      "earnings_growth": -1.5059584576726586
    },
    {
      "date": "2024-05-04",
      "quarter": "Q2 2024",
      "revenue": 1786040356.510019,
      "earnings": 127440662.44916303,
      "eps_actual": 0.053576193432504506,
      "eps_estimate": 0.05151756871605051,
      "surprise_percent": 3.995966362078384,
      "price_on_date": 28.2265655423774,
      "revenue_growth": -2.38241677808937,
      "earnings_growth": -1.7728627951314855
    },
    {
      "date": "2024-02-04",
      "quarter": "Q1 2024",
      "revenue": 1696738338.684518,
      "earnings": 121068629.32670489,
      "eps_actual": 0.05089738376087928,
      "eps_estimate": 0.04980967147952716,
      "surprise_percent": 2.1837371117759585,
      "price_on_date": 23.67130824927804,
      "revenue_growth": -2.437253453728511,
      "earnings_growth": -1.5449426862161633
    },
    {
      "date": "2023-11-06",
      "quarter": "Q4 2023",
      "revenue": 1611901421.750292,
      "earnings": 115015197.86036964,
      "eps_actual": 0.04835251457283531,
      "eps_estimate": 0.0474342564550988,
      "surprise_percent": 1.9358543516029076,
      "price_on_date": 25.044320993818282,
      "revenue_growth": -2.4295516658360747,
      "earnings_growth": -1.5175818212978402
    }
  ],
  "metrics": {
    "revenue_trend": [
      {
        "date": "2025-07-28",
        "value": 2308198961.686129
      },
      {
        "date": "2025-04-29",
        "value": 2192789013.6018224
      },
      {
        "date": "2025-01-29",
        "value": 2083149562.9217315
      },
      {
        "date": "2024-10-31",
        "value": 1978992084.7756448
      },
      {
        "date": "2024-08-02",
        "value": 1880042480.5368624
      },
      {
        "date": "2024-05-04",
        "value": 1786040356.510019
      },
      {
        "date": "2024-02-04",
        "value": 1696738338.684518
      },
      {
        "date": "2023-11-06",
        "value": 1611901421.750292
      }
    ],
    "eps_trend": [
      {
        "date": "2025-07-28",
        "value": 0.06923948476374106
      },
      {
        "date": "2025-04-29",
        "value": 0.065777510525554
      },
      {
        "date": "2025-01-29",
        "value": 0.062488634999276295
      },
      {
        "date": "2024-10-31",
        "value": 0.05936420324931248
      },
      {
        "date": "2024-08-02",
        "value": 0.056395993086846855
      },
      {
        "date": "2024-05-04",
        "value": 0.053576193432504506
      },
      {
        "date": "2024-02-04",
        "value": 0.05089738376087928
      },
      {
        "date": "2023-11-06",
        "value": 0.04835251457283531
      }
    ],
    "earnings_dates": [
      "2025-07-28",
      "2025-04-29",
      "2025-01-29",
      "2024-10-31",
      "2024-08-02",
      "2024-05-04",
      "2024-02-04",
      "2023-11-06"
    ]
  },
  "analysis": {
    "avg_revenue_growth": -2.165588924057862,
    "avg_earnings_surprise": 2.136908289634397,
    "consistency_score": 79,
    "trend_direction": "stable"
  }
}