{
  "ticker": "GIS",
  "quarters": [
    {
      "date": "2025-07-28",
      "quarter": "Q3 2025",
      "revenue": 72989928.81444225,
      "earnings": 3770923.5338440454,
      "eps_actual": 0.06137923503073058,
      "eps_estimate": 0.06211270414348798,
      "surprise_percent": -1.1808681056020316,
      "price_on_date": 27.62345916160286,
      "revenue_growth": 47.01677040328933,
      "earnings_growth": 32.69035651695321
    },
    {
      "date": "2025-04-29",
      "quarter": "Q2 2025",
      "revenue": 69340432.37372012,
      "earnings": 3582377.357151842,
      "eps_actual": 0.05831027327919404,
      "eps_estimate": 0.05549990393671954,
      "surprise_percent": 5.0637373096696825,
      "price_on_date": 24.526487579589034,
      "revenue_growth": 35.13813491359701,
      "earnings_growth": 35.96108537097119
    },
    {
      "date": "2025-01-29",
      "quarter": "Q1 2025",
      "revenue": 65873410.75503413,
      "earnings": 3403258.4892942505,
      "eps_actual": 0.055394759615234344,
      "eps_estimate": 0.05332163807522106,
      "surprise_percent": 3.8879554620747396,
      "price_on_date": 24.27013934988089,
      "revenue_growth": 42.80549158627626,
      "earnings_growth": 29.491987480300295
    },
    {
      "date": "2024-10-31",
      "quarter": "Q4 2024",
      "revenue": 62579740.217282414,
      "earnings": 3233095.5648295376,
      "eps_actual": 0.05262502163447262,
      "eps_estimate": 0.051116975012426825,
      "surprise_percent": 2.950187529053081,
      "price_on_date": 25.208721517130762,
      "revenue_growth": 36.857374396934866,
      "earnings_growth": 46.978145582340865
    },
    {
      "date": "2024-08-02",
      "quarter": "Q3 2024",
      "revenue": 59450753.20641829,
      "earnings": 3071440.7865880607,
      "eps_actual": 0.04999377055274899,
      "eps_estimate": 0.049750768403873595,
      "surprise_percent": 0.4884389863141834,
      "price_on_date": 20.383480863500584,
      "revenue_growth": 41.817138460629494,
      "earnings_growth": 48.40866238445101
    },
    {
      "date": "2024-05-04",
      "quarter": "Q2 2024",
      "revenue": 56478215.54609737,
      "earnings": 2917868.747258657,
      "eps_actual": 0.04749408202511153,
      "eps_estimate": 0.04613134246734473,
      "surprise_percent": 2.9540427069328197,
      "price_on_date": 19.139935636771853,
      "revenue_growth": 43.29440091483044,
      "earnings_growth": 35.55474364836288
    },
    {
      "date": "2024-02-04",
      "quarter": "Q1 2024",
      "revenue": 53654304.7687925,
      "earnings": 2771975.3098957245,
      "eps_actual": 0.04511937792385596,
      "eps_estimate": 0.04346162660246395,
      "surprise_percent": 3.8142873403132755,
      "price_on_date": 19.825413263058202,
      "revenue_growth": 36.26096909099614,
      "earnings_growth": 49.7445991976446
    },
    {
      "date": "2023-11-06",
      "quarter": "Q4 2023",
      "revenue": 50971589.53035287,
      "earnings": 2633376.544400938,
      "eps_actual": 0.042863409027663155,
      "eps_estimate": 0.04072483545210747,
      "surprise_percent": 5.251276160638275,
      "price_on_date": 17.47978864301416,
      "revenue_growth": 44.08091816908141,
      "earnings_growth": 29.259528320031105
    }
  ],
  "metrics": {
    "revenue_trend": [
      {
        "date": "2025-07-28",
        "value": 72989928.81444225
      },
      {
        "date": "2025-04-29",
        "value": 69340432.37372012
      },
      {
        "date": "2025-01-29",
        "value": 65873410.75503413
      },
      {
        "date": "2024-10-31",
        "value": 62579740.217282414
      },
      {
        "date": "2024-08-02",
        "value": 59450753.20641829
      },
      {
        "date": "2024-05-04",
        "value": 56478215.54609737
      },
      {
        "date": "2024-02-04",
        "value": 53654304.7687925
      },
      {
        "date": "2023-11-06",
        "value": 50971589.53035287
      }
    ],
    "eps_trend": [
      {
        "date": "2025-07-28",
        "value": 0.06137923503073058
      },
      {
        "date": "2025-04-29",
        "value": 0.05831027327919404
      },
      {
        "date": "2025-01-29",
        "value": 0.055394759615234344
      },
      {
        "date": "2024-10-31",
        "value": 0.05262502163447262
      },
      {
        "date": "2024-08-02",
        "value": 0.04999377055274899
      },
      {
        "date": "2024-05-04",
        "value": 0.04749408202511153
      },
      {
        "date": "2024-02-04",
        "value": 0.04511937792385596
      },
      {
        "date": "2023-11-06",
        "value": 0.042863409027663155
      }
    ],
    "earnings_dates": [
      "2025-07-28",
      "2025-04-29",
      "2025-01-29",
      "2024-10-31",
      "2024-08-02",
      "2024-05-04",
      "2024-02-04",
      "2023-11-06"
    ]
  },
  "analysis": {
    "avg_revenue_growth": 40.454442825024366,
    "avg_earnings_surprise": 2.6802530487988676,
    "consistency_score": 87,
    "trend_direction": "growing"
  }
}