{
  "ticker": "GL",
  "quarters": [
    {
      "date": "2025-07-28",
      "quarter": "Q3 2025",
      "revenue": 71538654.10401139,
      "earnings": 10823770.817842068,
      "eps_actual": 0.00242589726060686,
      "eps_estimate": 0.0023340474637385676,
      "surprise_percent": 3.9352154699190125,
      "price_on_date": 0.09866261752805949,
      "revenue_growth": 36.68355996751285,
      "earnings_growth": 29.986122497977586
    },
    {
      "date": "2025-04-29",
      "quarter": "Q2 2025",
      "revenue": 67961721.39881082,
      "earnings": 10282582.276949966,
      "eps_actual": 0.0023046023975765175,
      "eps_estimate": 0.0022453665870345862,
      "surprise_percent": 2.6381353888481467,
      "price_on_date": 0.10329941343490755,
      "revenue_growth": 38.34612355392631,
      "earnings_growth": 49.634408921167775
    },
    {
      "date": "2025-01-29",
      "quarter": "Q1 2025",
      "revenue": 64563635.328870274,
      "earnings": 9768453.163102467,
      "eps_actual": 0.002189372277697691,
      "eps_estimate": 0.0021607920962829342,
      "surprise_percent": 1.3226715084677199,
      "price_on_date": 0.08928299707406219,
      "revenue_growth": 46.88627366691075,
      "earnings_growth": 30.146202909069665
    },
    {
      "date": "2024-10-31",
      "quarter": "Q4 2024",
      "revenue": 61335453.56242675,
      "earnings": 9280030.504947342,
      "eps_actual": 0.002079903663812806,
      "eps_estimate": 0.0020281784147731007,
      "surprise_percent": 2.550330319213661,
      "price_on_date": 0.09174925214257806,
      "revenue_growth": 33.184146080123035,
      "earnings_growth": 39.557570940906814
    },
    {
      "date": "2024-08-02",
      "quarter": "Q3 2024",
      "revenue": 58268680.88430542,
      "earnings": 8816028.979699975,
      "eps_actual": 0.001975908480622166,
      "eps_estimate": 0.0018977161199513846,
      "surprise_percent": 4.120340226270749,
      "price_on_date": 0.0810901423142005,
      "revenue_growth": 31.955184398970456,
      "earnings_growth": 44.52002196785734
    },
    {
      "date": "2024-05-04",
      "quarter": "Q2 2024",
      "revenue": 55355246.84009013,
      "earnings": 8375227.530714975,
      "eps_actual": 0.0018771130565910573,
      "eps_estimate": 0.0017993577378835597,
      "surprise_percent": 4.321281814640979,
      "price_on_date": 0.08029227748415364,
      "revenue_growth": 33.20895156716651,
      "earnings_growth": 49.865146659873275
    },
    {
      "date": "2024-02-04",
      "quarter": "Q1 2024",
      "revenue": 52587484.49808563,
      "earnings": 7956466.154179227,
      "eps_actual": 0.0017832574037615046,
      "eps_estimate": 0.001735784747456242,
      "surprise_percent": 2.734939131988155,
      "price_on_date": 0.07482551543450944,
      "revenue_growth": 36.40863746259259,
      "earnings_growth": 31.64300436740857
    },
    {
      "date": "2023-11-06",
      "quarter": "Q4 2023",
      "revenue": 49958110.27318134,
      "earnings": 7558642.846470264,
      "eps_actual": 0.001694094533573429,
      "eps_estimate": 0.0016658457430590312,
      "surprise_percent": 1.6957626858369244,
      "price_on_date": 0.07962964139503989,
      "revenue_growth": 38.33831364557005,
      "earnings_growth": 48.382221124185115
    }
  ],
  "metrics": {
    "revenue_trend": [
      {
        "date": "2025-07-28",
        "value": 71538654.10401139
      },
      {
        "date": "2025-04-29",
        "value": 67961721.39881082
      },
      {
        "date": "2025-01-29",
        "value": 64563635.328870274
      },
      {
        "date": "2024-10-31",
        "value": 61335453.56242675
      },
      {
        "date": "2024-08-02",
        "value": 58268680.88430542
      },
      {
        "date": "2024-05-04",
        "value": 55355246.84009013
      },
      {
        "date": "2024-02-04",
        "value": 52587484.49808563
      },
      {
        "date": "2023-11-06",
        "value": 49958110.27318134
      }
    ],
    "eps_trend": [
      {
        "date": "2025-07-28",
        "value": 0.00242589726060686
      },
      {
        "date": "2025-04-29",
        "value": 0.0023046023975765175
      },
      {
        "date": "2025-01-29",
        "value": 0.002189372277697691
      },
      {
        "date": "2024-10-31",
        "value": 0.002079903663812806
      },
      {
        "date": "2024-08-02",
        "value": 0.001975908480622166
      },
      {
        "date": "2024-05-04",
        "value": 0.0018771130565910573
      },
      {
        "date": "2024-02-04",
        "value": 0.0017832574037615046
      },
      {
        "date": "2023-11-06",
        "value": 0.001694094533573429
      }
    ],
    "earnings_dates": [
      "2025-07-28",
      "2025-04-29",
      "2025-01-29",
      "2024-10-31",
      "2024-08-02",
      "2024-05-04",
      "2024-02-04",
      "2023-11-06"
    ]
  },
  "analysis": {
    "avg_revenue_growth": 38.775025817118234,
    "avg_earnings_surprise": 2.611588171612135,
    "consistency_score": 77,
    "trend_direction": "growing"
  }
}