{
  "ticker": "GLW",
  "quarters": [
    {
      "date": "2025-07-28",
      "quarter": "Q3 2025",
      "revenue": 43463396.00899719,
      "earnings": 3573674.9214463094,
      "eps_actual": 0.0017301308107282075,
      "eps_estimate": 0.001716009405048528,
      "surprise_percent": 0.8229212286444397,
      "price_on_date": 0.3370210335054,
      "revenue_growth": -10.165567684807069,
      "earnings_growth": -12.513245976431792
    },
    {
      "date": "2025-04-29",
      "quarter": "Q2 2025",
      "revenue": 41290226.208547324,
      "earnings": 3394991.175373994,
      "eps_actual": 0.001643624270191797,
      "eps_estimate": 0.0015649158736466958,
      "surprise_percent": 5.029560877396462,
      "price_on_date": 0.300768046870751,
      "revenue_growth": -13.280425066093189,
      "earnings_growth": -11.917362488145343
    },
    {
      "date": "2025-01-29",
      "quarter": "Q1 2025",
      "revenue": 39225714.898119956,
      "earnings": 3225241.616605294,
      "eps_actual": 0.0015614430566822071,
      "eps_estimate": 0.0015252112479719401,
      "surprise_percent": 2.37552724309135,
      "price_on_date": 0.31477113130137796,
      "revenue_growth": -10.465610546646838,
      "earnings_growth": -12.696855240734015
    },
    {
      "date": "2024-10-31",
      "quarter": "Q4 2024",
      "revenue": 37264429.153213955,
      "earnings": 3063979.535775029,
      "eps_actual": 0.0014833709038480968,
      "eps_estimate": 0.0015014155435811125,
      "surprise_percent": -1.2018418092286718,
      "price_on_date": 0.2623148122210439,
      "revenue_growth": -13.384475176223146,
      "earnings_growth": -8.25665535239835
    },
    {
      "date": "2024-08-02",
      "quarter": "Q3 2024",
      "revenue": 35401207.69555326,
      "earnings": 2910780.5589862773,
      "eps_actual": 0.0014092023586556918,
      "eps_estimate": 0.0014244085242351614,
      "surprise_percent": -1.067542444512864,
      "price_on_date": 0.2609696886310393,
      "revenue_growth": -12.969982194118373,
      "earnings_growth": -14.86955692891666
    },
    {
      "date": "2024-05-04",
      "quarter": "Q2 2024",
      "revenue": 33631147.31077559,
      "earnings": 2765241.531036963,
      "eps_actual": 0.001338742240722907,
      "eps_estimate": 0.0013476399436069427,
      "surprise_percent": -0.6602433332616275,
      "price_on_date": 0.23953389648109344,
      "revenue_growth": -12.953853821267536,
      "earnings_growth": -10.353954231574228
    },
    {
      "date": "2024-02-04",
      "quarter": "Q1 2024",
      "revenue": 31949589.945236813,
      "earnings": 2626979.454485115,
      "eps_actual": 0.0012718051286867618,
      "eps_estimate": 0.0012300866529296323,
      "surprise_percent": 3.3915070664144515,
      "price_on_date": 0.22996370833927227,
      "revenue_growth": -13.597990121570815,
      "earnings_growth": -14.164422050767799
    },
    {
      "date": "2023-11-06",
      "quarter": "Q4 2023",
      "revenue": 30352110.44797497,
      "earnings": 2495630.481760859,
      "eps_actual": 0.0012082148722524235,
      "eps_estimate": 0.0012083436838691661,
      "surprise_percent": -0.01066018041573792,
      "price_on_date": 0.21757483306725964,
      "revenue_growth": -9.921913186187487,
      "earnings_growth": -8.652891101803268
    }
  ],
  "metrics": {
    "revenue_trend": [
      {
        "date": "2025-07-28",
        "value": 43463396.00899719
      },
      {
        "date": "2025-04-29",
        "value": 41290226.208547324
      },
      {
        "date": "2025-01-29",
        "value": 39225714.898119956
      },
      {
        "date": "2024-10-31",
        "value": 37264429.153213955
      },
      {
        "date": "2024-08-02",
        "value": 35401207.69555326
      },
      {
        "date": "2024-05-04",
        "value": 33631147.31077559
      },
      {
        "date": "2024-02-04",
        "value": 31949589.945236813
      },
      {
        "date": "2023-11-06",
        "value": 30352110.44797497
      }
    ],
    "eps_trend": [
      {
        "date": "2025-07-28",
        "value": 0.0017301308107282075
      },
      {
        "date": "2025-04-29",
        "value": 0.001643624270191797
      },
      {
        "date": "2025-01-29",
        "value": 0.0015614430566822071
      },
      {
        "date": "2024-10-31",
        "value": 0.0014833709038480968
      },
      {
        "date": "2024-08-02",
        "value": 0.0014092023586556918
      },
      {
        "date": "2024-05-04",
        "value": 0.001338742240722907
      },
      {
        "date": "2024-02-04",
        "value": 0.0012718051286867618
      },
      {
        "date": "2023-11-06",
        "value": 0.0012082148722524235
      }
    ],
    "earnings_dates": [
      "2025-07-28",
      "2025-04-29",
      "2025-01-29",
      "2024-10-31",
      "2024-08-02",
      "2024-05-04",
      "2024-02-04",
      "2023-11-06"
    ]
  },
  "analysis": {
    "avg_revenue_growth": -11.824019618442561,
    "avg_earnings_surprise": 1.7565418849758951,
    "consistency_score": 80,
    "trend_direction": "declining"
  }
}