{
  "ticker": "GM",
  "quarters": [
    {
      "date": "2025-07-28",
      "quarter": "Q3 2025",
      "revenue": 1195422422.857137,
      "earnings": 185596479.18998525,
      "eps_actual": 0.06794631686259993,
      "eps_estimate": 0.06846149649544964,
      "surprise_percent": -0.7525100373520898,
      "price_on_date": 19.621364381659397,
      "revenue_growth": -8.531735216173544,
      "earnings_growth": -6.444577710621926
    },
    {
      "date": "2025-04-29",
      "quarter": "Q2 2025",
      "revenue": 1135651301.7142801,
      "earnings": 176316655.23048598,
      "eps_actual": 0.06454900101946992,
      "eps_estimate": 0.06286527153676015,
      "surprise_percent": 2.6783141813444926,
      "price_on_date": 20.95829825603473,
      "revenue_growth": -8.099705621427354,
      "earnings_growth": -6.720033852578897
    },
    {
      "date": "2025-01-29",
      "quarter": "Q1 2025",
      "revenue": 1078868736.628566,
      "earnings": 167500822.46896166,
      "eps_actual": 0.06132155096849642,
      "eps_estimate": 0.06161862035435303,
      "surprise_percent": -0.48210976511360354,
      "price_on_date": 19.167414703684006,
      "revenue_growth": -7.305161662586727,
      "earnings_growth": -9.614295211863487
    },
    {
      "date": "2024-10-31",
      "quarter": "Q4 2024",
      "revenue": 1024925299.7971376,
      "earnings": 159125781.34551355,
      "eps_actual": 0.05825547342007159,
      "eps_estimate": 0.056361256985376994,
      "surprise_percent": 3.3608484551472193,
      "price_on_date": 18.240719696631952,
      "revenue_growth": -6.699980304748432,
      "earnings_growth": -6.36670980211464
    },
    {
      "date": "2024-08-02",
      "quarter": "Q3 2024",
      "revenue": 973679034.8072808,
      "earnings": 151169492.27823788,
      "eps_actual": 0.05534269974906801,
      "eps_estimate": 0.0547567004159612,
      "surprise_percent": 1.070187444924996,
      "price_on_date": 18.36331530778152,
      "revenue_growth": -7.6583717069116215,
      "earnings_growth": -8.930129420450527
    },
    {
      "date": "2024-05-04",
      "quarter": "Q2 2024",
      "revenue": 924995083.0669166,
      "earnings": 143611017.66432598,
      "eps_actual": 0.05257556476161461,
      "eps_estimate": 0.05362523790374382,
      "surprise_percent": -1.9574237488947897,
      "price_on_date": 15.387468477494195,
      "revenue_growth": -7.512962768482471,
      "earnings_growth": -6.492027188192214
    },
    {
      "date": "2024-02-04",
      "quarter": "Q1 2024",
      "revenue": 878745328.9135708,
      "earnings": 136430466.78110966,
      "eps_actual": 0.049946786523533876,
      "eps_estimate": 0.04952948684353587,
      "surprise_percent": 0.8425277679864905,
      "price_on_date": 14.823783901855643,
      "revenue_growth": -6.285057331152006,
      "earnings_growth": -6.042271970547663
    },
    {
      "date": "2023-11-06",
      "quarter": "Q4 2023",
      "revenue": 834808062.4678922,
      "earnings": 129608943.44205418,
      "eps_actual": 0.04744944719735718,
      "eps_estimate": 0.045498598948256336,
      "surprise_percent": 4.287710598120748,
      "price_on_date": 14.389335621542953,
      "revenue_growth": -6.491576760889303,
      "earnings_growth": -9.703620542983728
    }
  ],
  "metrics": {
    "revenue_trend": [
      {
        "date": "2025-07-28",
        "value": 1195422422.857137
      },
      {
        "date": "2025-04-29",
        "value": 1135651301.7142801
      },
      {
        "date": "2025-01-29",
        "value": 1078868736.628566
      },
      {
        "date": "2024-10-31",
        "value": 1024925299.7971376
      },
      {
        "date": "2024-08-02",
        "value": 973679034.8072808
      },
      {
        "date": "2024-05-04",
        "value": 924995083.0669166
      },
      {
        "date": "2024-02-04",
        "value": 878745328.9135708
      },
      {
        "date": "2023-11-06",
        "value": 834808062.4678922
      }
    ],
    "eps_trend": [
      {
        "date": "2025-07-28",
        "value": 0.06794631686259993
      },
      {
        "date": "2025-04-29",
        "value": 0.06454900101946992
      },
      {
        "date": "2025-01-29",
        "value": 0.06132155096849642
      },
      {
        "date": "2024-10-31",
        "value": 0.05825547342007159
      },
      {
        "date": "2024-08-02",
        "value": 0.05534269974906801
      },
      {
        "date": "2024-05-04",
        "value": 0.05257556476161461
      },
      {
        "date": "2024-02-04",
        "value": 0.049946786523533876
      },
      {
        "date": "2023-11-06",
        "value": 0.04744944719735718
      }
    ],
    "earnings_dates": [
      "2025-07-28",
      "2025-04-29",
      "2025-01-29",
      "2024-10-31",
      "2024-08-02",
      "2024-05-04",
      "2024-02-04",
      "2023-11-06"
    ]
  },
  "analysis": {
    "avg_revenue_growth": -7.6591457012340145,
    "avg_earnings_surprise": 1.2011357085065046,
    "consistency_score": 90,
    "trend_direction": "declining"
  }
}