{
  "ticker": "GNRC",
  "quarters": [
    {
      "date": "2025-07-28",
      "quarter": "Q3 2025",
      "revenue": 104829400.6665505,
      "earnings": 11358485.650736168,
      "eps_actual": 0.002852846635237446,
      "eps_estimate": 0.0028209959239206325,
      "surprise_percent": 1.129059104507577,
      "price_on_date": 0.5081766962683827,
      "revenue_growth": 30.66935987167223,
      "earnings_growth": 39.842882254956194
    },
    {
      "date": "2025-04-29",
      "quarter": "Q2 2025",
      "revenue": 99587930.63322297,
      "earnings": 10790561.368199358,
      "eps_actual": 0.002710204303475573,
      "eps_estimate": 0.0026966587283075313,
      "surprise_percent": 0.5023095813293112,
      "price_on_date": 0.47456464138520693,
      "revenue_growth": 40.50263901937043,
      "earnings_growth": 28.801483670093177
    },
    {
      "date": "2025-01-29",
      "quarter": "Q1 2025",
      "revenue": 94608534.10156183,
      "earnings": 10251033.299789391,
      "eps_actual": 0.002574694088301795,
      "eps_estimate": 0.0024621225407082123,
      "surprise_percent": 4.572134235089783,
      "price_on_date": 0.4503775490903397,
      "revenue_growth": 28.455698059170274,
      "earnings_growth": 29.8157401281725
    },
    {
      "date": "2024-10-31",
      "quarter": "Q4 2024",
      "revenue": 89878107.39648372,
      "earnings": 9738481.63479992,
      "eps_actual": 0.0024459593838867047,
      "eps_estimate": 0.0024047232504616155,
      "surprise_percent": 1.7147974685724605,
      "price_on_date": 0.37159666349684706,
      "revenue_growth": 36.162766995576156,
      "earnings_growth": 42.91285359975158
    },
    {
      "date": "2024-08-02",
      "quarter": "Q3 2024",
      "revenue": 85384202.02665953,
      "earnings": 9251557.553059924,
      "eps_actual": 0.0023236614146923697,
      "eps_estimate": 0.002275011658818337,
      "surprise_percent": 2.1384398486688103,
      "price_on_date": 0.40639218905026425,
      "revenue_growth": 32.947338406447415,
      "earnings_growth": 31.533915916564215
    },
    {
      "date": "2024-05-04",
      "quarter": "Q2 2024",
      "revenue": 81114991.92532654,
      "earnings": 8788979.675406925,
      "eps_actual": 0.0022074783439577504,
      "eps_estimate": 0.0021783969452066954,
      "surprise_percent": 1.3349907974781714,
      "price_on_date": 0.34807768248035054,
      "revenue_growth": 37.224161628168666,
      "earnings_growth": 43.98931336539401
    },
    {
      "date": "2024-02-04",
      "quarter": "Q1 2024",
      "revenue": 77059242.32906023,
      "earnings": 8349530.691636581,
      "eps_actual": 0.0020971044267598634,
      "eps_estimate": 0.002110474770195454,
      "surprise_percent": -0.633523016925355,
      "price_on_date": 0.35593074575118544,
      "revenue_growth": 33.973273580650314,
      "earnings_growth": 41.098766669734616
    },
    {
      "date": "2023-11-06",
      "quarter": "Q4 2023",
      "revenue": 73206280.2126072,
      "earnings": 7932054.157054751,
      "eps_actual": 0.00199224920542187,
      "eps_estimate": 0.0019198616871090365,
      "surprise_percent": 3.770454861351799,
      "price_on_date": 0.3378768289444513,
      "revenue_growth": 35.63588061231606,
      "earnings_growth": 35.18466009083607
    }
  ],
  "metrics": {
    "revenue_trend": [
      {
        "date": "2025-07-28",
        "value": 104829400.6665505
      },
      {
        "date": "2025-04-29",
        "value": 99587930.63322297
      },
      {
        "date": "2025-01-29",
        "value": 94608534.10156183
      },
      {
        "date": "2024-10-31",
        "value": 89878107.39648372
      },
      {
        "date": "2024-08-02",
        "value": 85384202.02665953
      },
      {
        "date": "2024-05-04",
        "value": 81114991.92532654
      },
      {
        "date": "2024-02-04",
        "value": 77059242.32906023
      },
      {
        "date": "2023-11-06",
        "value": 73206280.2126072
      }
    ],
    "eps_trend": [
      {
        "date": "2025-07-28",
        "value": 0.002852846635237446
      },
      {
        "date": "2025-04-29",
        "value": 0.002710204303475573
      },
      {
        "date": "2025-01-29",
        "value": 0.002574694088301795
      },
      {
        "date": "2024-10-31",
        "value": 0.0024459593838867047
      },
      {
        "date": "2024-08-02",
        "value": 0.0023236614146923697
      },
      {
        "date": "2024-05-04",
        "value": 0.0022074783439577504
      },
      {
        "date": "2024-02-04",
        "value": 0.0020971044267598634
      },
      {
        "date": "2023-11-06",
        "value": 0.00199224920542187
      }
    ],
    "earnings_dates": [
      "2025-07-28",
      "2025-04-29",
      "2025-01-29",
      "2024-10-31",
      "2024-08-02",
      "2024-05-04",
      "2024-02-04",
      "2023-11-06"
    ]
  },
  "analysis": {
    "avg_revenue_growth": 33.947615986447275,
    "avg_earnings_surprise": 1.9795750973747832,
    "consistency_score": 94,
    "trend_direction": "growing"
  }
}