{
  "ticker": "GOOG",
  "quarters": [
    {
      "date": "2025-07-28",
      "quarter": "Q3 2025",
      "revenue": 2738336956.107682,
      "earnings": 175484529.9851036,
      "eps_actual": 0.03628476613510894,
      "eps_estimate": 0.03502604507332909,
      "surprise_percent": 3.593671678160188,
      "price_on_date": 107.9789112259039,
      "revenue_growth": -7.421746357748529,
      "earnings_growth": -7.4204118451532395
    },
    {
      "date": "2025-04-29",
      "quarter": "Q2 2025",
      "revenue": 2601420108.302298,
      "earnings": 166710303.48584843,
      "eps_actual": 0.03447052782835349,
      "eps_estimate": 0.03388179513075406,
      "surprise_percent": 1.737607748725941,
      "price_on_date": 94.55495132824743,
      "revenue_growth": -8.48491881150371,
      "earnings_growth": -8.880874293515795
    },
    {
      "date": "2025-01-29",
      "quarter": "Q1 2025",
      "revenue": 2471349102.887183,
      "earnings": 158374788.311556,
      "eps_actual": 0.03274700143693582,
      "eps_estimate": 0.032530021710380184,
      "surprise_percent": 0.6670137772653159,
      "price_on_date": 87.86723400014638,
      "revenue_growth": -9.053238798449161,
      "earnings_growth": -6.328725327916813
    },
    {
      "date": "2024-10-31",
      "quarter": "Q4 2024",
      "revenue": 2347781647.7428236,
      "earnings": 150456048.89597818,
      "eps_actual": 0.031109651365089024,
      "eps_estimate": 0.030334428214892746,
      "surprise_percent": 2.5555884709759593,
      "price_on_date": 85.40903479048269,
      "revenue_growth": -7.867574602940281,
      "earnings_growth": -6.587941938262698
    },
    {
      "date": "2024-08-02",
      "quarter": "Q3 2024",
      "revenue": 2230392565.3556824,
      "earnings": 142933246.45117927,
      "eps_actual": 0.02955416879683457,
      "eps_estimate": 0.02957616501019158,
      "surprise_percent": -0.07437141816538016,
      "price_on_date": 83.74447388950165,
      "revenue_growth": -6.49041690794095,
      "earnings_growth": -6.711223735094226
    },
    {
      "date": "2024-05-04",
      "quarter": "Q2 2024",
      "revenue": 2118872937.087898,
      "earnings": 135786584.1286203,
      "eps_actual": 0.02807646035699284,
      "eps_estimate": 0.027855466865370715,
      "surprise_percent": 0.7933577013453622,
      "price_on_date": 85.9991285710105,
      "revenue_growth": -7.79616575984928,
      "earnings_growth": -5.586873819599267
    },
    {
      "date": "2024-02-04",
      "quarter": "Q1 2024",
      "revenue": 2012929290.233503,
      "earnings": 128997254.92218928,
      "eps_actual": 0.0266726373391432,
      "eps_estimate": 0.0269659120457576,
      "surprise_percent": -1.0875756997084076,
      "price_on_date": 70.90623461708353,
      "revenue_growth": -7.554587949575022,
      "earnings_growth": -6.158581429008734
    },
    {
      "date": "2023-11-06",
      "quarter": "Q4 2023",
      "revenue": 1912282825.7218277,
      "earnings": 122547392.1760798,
      "eps_actual": 0.025339005472186035,
      "eps_estimate": 0.02534488475754823,
      "surprise_percent": -0.023197128013947695,
      "price_on_date": 67.22238051010372,
      "revenue_growth": -7.1607271705442805,
      "earnings_growth": -8.721511393189118
    }
  ],
  "metrics": {
    "revenue_trend": [
      {
        "date": "2025-07-28",
        "value": 2738336956.107682
      },
      {
        "date": "2025-04-29",
        "value": 2601420108.302298
      },
      {
        "date": "2025-01-29",
        "value": 2471349102.887183
      },
      {
        "date": "2024-10-31",
        "value": 2347781647.7428236
      },
      {
        "date": "2024-08-02",
        "value": 2230392565.3556824
      },
      {
        "date": "2024-05-04",
        "value": 2118872937.087898
      },
      {
        "date": "2024-02-04",
        "value": 2012929290.233503
      },
      {
        "date": "2023-11-06",
        "value": 1912282825.7218277
      }
    ],
    "eps_trend": [
      {
        "date": "2025-07-28",
        "value": 0.03628476613510894
      },
      {
        "date": "2025-04-29",
        "value": 0.03447052782835349
      },
      {
        "date": "2025-01-29",
        "value": 0.03274700143693582
      },
      {
        "date": "2024-10-31",
        "value": 0.031109651365089024
      },
      {
        "date": "2024-08-02",
        "value": 0.02955416879683457
      },
      {
        "date": "2024-05-04",
        "value": 0.02807646035699284
      },
      {
        "date": "2024-02-04",
        "value": 0.0266726373391432
      },
      {
        "date": "2023-11-06",
        "value": 0.025339005472186035
      }
    ],
    "earnings_dates": [
      "2025-07-28",
      "2025-04-29",
      "2025-01-29",
      "2024-10-31",
      "2024-08-02",
      "2024-05-04",
      "2024-02-04",
      "2023-11-06"
    ]
  },
  "analysis": {
    "avg_revenue_growth": -8.20686964266042,
    "avg_earnings_surprise": 2.138470418781851,
    "consistency_score": 69,
    "trend_direction": "declining"
  }
}