{
  "ticker": "GOOGL",
  "quarters": [
    {
      "date": "2025-07-28",
      "quarter": "Q3 2025",
      "revenue": 5800780949.77225,
      "earnings": 336215871.34723645,
      "eps_actual": 0.14303160939966086,
      "eps_estimate": 0.145633009744146,
      "surprise_percent": -1.7862710858310107,
      "price_on_date": 336.741739755305,
      "revenue_growth": -5.53429511493788,
      "earnings_growth": -8.760250987887202
    },
    {
      "date": "2025-04-29",
      "quarter": "Q2 2025",
      "revenue": 5510741902.283637,
      "earnings": 319405077.7798746,
      "eps_actual": 0.13588002892967782,
      "eps_estimate": 0.12959193521367982,
      "surprise_percent": 4.852226109309794,
      "price_on_date": 335.78820676729464,
      "revenue_growth": -5.462820508778475,
      "earnings_growth": -6.818626922249919
    },
    {
      "date": "2025-01-29",
      "quarter": "Q1 2025",
      "revenue": 5235204807.169456,
      "earnings": 303434823.8908809,
      "eps_actual": 0.12908602748319392,
      "eps_estimate": 0.12760551844953882,
      "surprise_percent": 1.1602233599642948,
      "price_on_date": 320.0069015538314,
      "revenue_growth": -8.10826643767972,
      "earnings_growth": -7.205126636163068
    },
    {
      "date": "2024-10-31",
      "quarter": "Q4 2024",
      "revenue": 4973444566.810983,
      "earnings": 288263082.69633687,
      "eps_actual": 0.12263172610903424,
      "eps_estimate": 0.12329886702514084,
      "surprise_percent": -0.5410762744239757,
      "price_on_date": 257.6656636147762,
      "revenue_growth": -6.5638219794579316,
      "earnings_growth": -8.779780111842687
    },
    {
      "date": "2024-08-02",
      "quarter": "Q3 2024",
      "revenue": 4724772338.470433,
      "earnings": 273849928.56152,
      "eps_actual": 0.11650013980358251,
      "eps_estimate": 0.11864810766980208,
      "surprise_percent": -1.810368414974951,
      "price_on_date": 274.5136792352841,
      "revenue_growth": -6.621627548151373,
      "earnings_growth": -5.748744138700284
    },
    {
      "date": "2024-05-04",
      "quarter": "Q2 2024",
      "revenue": 4488533721.546911,
      "earnings": 260157432.13344398,
      "eps_actual": 0.11067513281340338,
      "eps_estimate": 0.10854944643108982,
      "surprise_percent": 1.9582655206473132,
      "price_on_date": 252.79343008894693,
      "revenue_growth": -7.782663534818589,
      "earnings_growth": -8.791427330497218
    },
    {
      "date": "2024-02-04",
      "quarter": "Q1 2024",
      "revenue": 4264107035.4695654,
      "earnings": 247149560.52677175,
      "eps_actual": 0.1051413761727332,
      "eps_estimate": 0.10482850611529546,
      "surprise_percent": 0.2984589488412935,
      "price_on_date": 235.00691832651555,
      "revenue_growth": -6.4332941047881,
      "earnings_growth": -7.453508695127103
    },
    {
      "date": "2023-11-06",
      "quarter": "Q4 2023",
      "revenue": 4050901683.6960864,
      "earnings": 234792082.50043312,
      "eps_actual": 0.09988430736409652,
      "eps_estimate": 0.10037716087110186,
      "surprise_percent": -0.491001640939251,
      "price_on_date": 216.56346148966645,
      "revenue_growth": -6.020212764485611,
      "earnings_growth": -7.1915231622749625
    }
  ],
  "metrics": {
    "revenue_trend": [
      {
        "date": "2025-07-28",
        "value": 5800780949.77225
      },
      {
        "date": "2025-04-29",
        "value": 5510741902.283637
      },
      {
        "date": "2025-01-29",
        "value": 5235204807.169456
      },
      {
        "date": "2024-10-31",
        "value": 4973444566.810983
      },
      {
        "date": "2024-08-02",
        "value": 4724772338.470433
      },
      {
        "date": "2024-05-04",
        "value": 4488533721.546911
      },
      {
        "date": "2024-02-04",
        "value": 4264107035.4695654
      },
      {
        "date": "2023-11-06",
        "value": 4050901683.6960864
      }
    ],
    "eps_trend": [
      {
        "date": "2025-07-28",
        "value": 0.14303160939966086
      },
      {
        "date": "2025-04-29",
        "value": 0.13588002892967782
      },
      {
        "date": "2025-01-29",
        "value": 0.12908602748319392
      },
      {
        "date": "2024-10-31",
        "value": 0.12263172610903424
      },
      {
        "date": "2024-08-02",
        "value": 0.11650013980358251
      },
      {
        "date": "2024-05-04",
        "value": 0.11067513281340338
      },
      {
        "date": "2024-02-04",
        "value": 0.1051413761727332
      },
      {
        "date": "2023-11-06",
        "value": 0.09988430736409652
      }
    ],
    "earnings_dates": [
      "2025-07-28",
      "2025-04-29",
      "2025-01-29",
      "2024-10-31",
      "2024-08-02",
      "2024-05-04",
      "2024-02-04",
      "2023-11-06"
    ]
  },
  "analysis": {
    "avg_revenue_growth": -6.417301010213501,
    "avg_earnings_surprise": 0.9212755272547757,
    "consistency_score": 62,
    "trend_direction": "declining"
  }
}