{
  "ticker": "GPC",
  "quarters": [
    {
      "date": "2025-07-28",
      "quarter": "Q3 2025",
      "revenue": 70213613.98958273,
      "earnings": 2099963.7356743156,
      "eps_actual": 0.0006531547740484091,
      "eps_estimate": 0.0006478328150210778,
      "surprise_percent": 0.8215019220905175,
      "price_on_date": 0.2236194971931453,
      "revenue_growth": -10.169039805385587,
      "earnings_growth": -12.108709807576366
    },
    {
      "date": "2025-04-29",
      "quarter": "Q2 2025",
      "revenue": 66702933.29010359,
      "earnings": 1994965.5488905997,
      "eps_actual": 0.0006204970353459886,
      "eps_estimate": 0.0006210708358786736,
      "surprise_percent": -0.09238890309076919,
      "price_on_date": 0.17929027743624368,
      "revenue_growth": -10.151438630783334,
      "earnings_growth": -9.496308748562528
    },
    {
      "date": "2025-01-29",
      "quarter": "Q1 2025",
      "revenue": 63367786.625598416,
      "earnings": 1895217.2714460697,
      "eps_actual": 0.0005894721835786892,
      "eps_estimate": 0.0005905616592332635,
      "surprise_percent": -0.18448127092924096,
      "price_on_date": 0.18689208290771708,
      "revenue_growth": -7.711361542695687,
      "earnings_growth": -12.196122821347817
    },
    {
      "date": "2024-10-31",
      "quarter": "Q4 2024",
      "revenue": 60199397.29431849,
      "earnings": 1800456.4078737663,
      "eps_actual": 0.0005599985743997548,
      "eps_estimate": 0.000559295459913075,
      "surprise_percent": 0.12571432043969763,
      "price_on_date": 0.16804344791677747,
      "revenue_growth": -8.6657569817681,
      "earnings_growth": -6.70358289320555
    },
    {
      "date": "2024-08-02",
      "quarter": "Q3 2024",
      "revenue": 57189427.42960256,
      "earnings": 1710433.5874800778,
      "eps_actual": 0.0005319986456797669,
      "eps_estimate": 0.0005163329495751828,
      "surprise_percent": 3.0340299059886076,
      "price_on_date": 0.15449391665479098,
      "revenue_growth": -7.868490484134002,
      "earnings_growth": -11.7665226977573
    },
    {
      "date": "2024-05-04",
      "quarter": "Q2 2024",
      "revenue": 54329956.058122426,
      "earnings": 1624911.9081060737,
      "eps_actual": 0.0005053987133957785,
      "eps_estimate": 0.0004980949612157056,
      "surprise_percent": 1.4663372948496831,
      "price_on_date": 0.14663200918404812,
      "revenue_growth": -9.59189018164293,
      "earnings_growth": -11.088574725817345
    },
    {
      "date": "2024-02-04",
      "quarter": "Q1 2024",
      "revenue": 51613458.25521631,
      "earnings": 1543666.31270077,
      "eps_actual": 0.00048012877772598964,
      "eps_estimate": 0.000477177632181501,
      "surprise_percent": 0.6184584828498673,
      "price_on_date": 0.15127578980694129,
      "revenue_growth": -9.472178130128642,
      "earnings_growth": -11.49785852511476
    },
    {
      "date": "2023-11-06",
      "quarter": "Q4 2023",
      "revenue": 49032785.342455484,
      "earnings": 1466482.9970657313,
      "eps_actual": 0.0004561223388396901,
      "eps_estimate": 0.00045945061595446194,
      "surprise_percent": -0.7244036680324623,
      "price_on_date": 0.1422398098831013,
      "revenue_growth": -11.068754996960443,
      "earnings_growth": -6.826958988411757
    }
  ],
  "metrics": {
    "revenue_trend": [
      {
        "date": "2025-07-28",
        "value": 70213613.98958273
      },
      {
        "date": "2025-04-29",
        "value": 66702933.29010359
      },
      {
        "date": "2025-01-29",
        "value": 63367786.625598416
      },
      {
        "date": "2024-10-31",
        "value": 60199397.29431849
      },
      {
        "date": "2024-08-02",
        "value": 57189427.42960256
      },
      {
        "date": "2024-05-04",
        "value": 54329956.058122426
      },
      {
        "date": "2024-02-04",
        "value": 51613458.25521631
      },
      {
        "date": "2023-11-06",
        "value": 49032785.342455484
      }
    ],
    "eps_trend": [
      {
        "date": "2025-07-28",
        "value": 0.0006531547740484091
      },
      {
        "date": "2025-04-29",
        "value": 0.0006204970353459886
      },
      {
        "date": "2025-01-29",
        "value": 0.0005894721835786892
      },
      {
        "date": "2024-10-31",
        "value": 0.0005599985743997548
      },
      {
        "date": "2024-08-02",
        "value": 0.0005319986456797669
      },
      {
        "date": "2024-05-04",
        "value": 0.0005053987133957785
      },
      {
        "date": "2024-02-04",
        "value": 0.00048012877772598964
      },
      {
        "date": "2023-11-06",
        "value": 0.0004561223388396901
      }
    ],
    "earnings_dates": [
      "2025-07-28",
      "2025-04-29",
      "2025-01-29",
      "2024-10-31",
      "2024-08-02",
      "2024-05-04",
      "2024-02-04",
      "2023-11-06"
    ]
  },
  "analysis": {
    "avg_revenue_growth": -9.174399240158177,
    "avg_earnings_surprise": 0.16758651712755127,
    "consistency_score": 66,
    "trend_direction": "declining"
  }
}