{
  "ticker": "GPN",
  "quarters": [
    {
      "date": "2025-07-28",
      "quarter": "Q3 2025",
      "revenue": 13583513.827073177,
      "earnings": 3171028.9147826983,
      "eps_actual": 0.0009707841304082146,
      "eps_estimate": 0.0009260758529446489,
      "surprise_percent": 4.82771225719865,
      "price_on_date": 0.49361719889490785,
      "revenue_growth": -14.765616254280253,
      "earnings_growth": -17.31032449928947
    },
    {
      "date": "2025-04-29",
      "quarter": "Q2 2025",
      "revenue": 12904338.135719517,
      "earnings": 3012477.469043563,
      "eps_actual": 0.0009222449238878038,
      "eps_estimate": 0.0009319164294640428,
      "surprise_percent": -1.0378082487290323,
      "price_on_date": 0.4059440634297074,
      "revenue_growth": -14.478268360831473,
      "earnings_growth": -16.013208097989654
    },
    {
      "date": "2025-01-29",
      "quarter": "Q1 2025",
      "revenue": 12259121.228933543,
      "earnings": 2861853.595591385,
      "eps_actual": 0.0008761326776934136,
      "eps_estimate": 0.0008422209928477441,
      "surprise_percent": 4.026459223131717,
      "price_on_date": 0.3870354073138901,
      "revenue_growth": -16.555822416804858,
      "earnings_growth": -16.532474283901514
    },
    {
      "date": "2024-10-31",
      "quarter": "Q4 2024",
      "revenue": 11646165.167486863,
      "earnings": 2718760.9158118153,
      "eps_actual": 0.0008323260438087429,
      "eps_estimate": 0.000801995537456706,
      "surprise_percent": 3.7818796907799745,
      "price_on_date": 0.3541564338975992,
      "revenue_growth": -13.815167806587782,
      "earnings_growth": -12.80489831533215
    },
    {
      "date": "2024-08-02",
      "quarter": "Q3 2024",
      "revenue": 11063856.90911252,
      "earnings": 2582822.8700212245,
      "eps_actual": 0.0007907097416183057,
      "eps_estimate": 0.0007809908995337675,
      "surprise_percent": 1.2444244984595991,
      "price_on_date": 0.360196254747504,
      "revenue_growth": -13.74122359090498,
      "earnings_growth": -13.831368321414491
    },
    {
      "date": "2024-05-04",
      "quarter": "Q2 2024",
      "revenue": 10510664.063656893,
      "earnings": 2453681.726520163,
      "eps_actual": 0.0007511742545373904,
      "eps_estimate": 0.0007480508286324893,
      "surprise_percent": 0.41754193503280546,
      "price_on_date": 0.32623589137689707,
      "revenue_growth": -15.56429085598653,
      "earnings_growth": -16.231875013126093
    },
    {
      "date": "2024-02-04",
      "quarter": "Q1 2024",
      "revenue": 9985130.860474048,
      "earnings": 2330997.640194155,
      "eps_actual": 0.0007136155418105208,
      "eps_estimate": 0.0006862785110958045,
      "surprise_percent": 3.9833726792736646,
      "price_on_date": 0.3367063033869911,
      "revenue_growth": -15.643645542099524,
      "earnings_growth": -11.485903932960628
    },
    {
      "date": "2023-11-06",
      "quarter": "Q4 2023",
      "revenue": 9485874.317450345,
      "earnings": 2214447.758184447,
      "eps_actual": 0.0006779347647199947,
      "eps_estimate": 0.0006674954658322909,
      "surprise_percent": 1.5639505318118152,
      "price_on_date": 0.31030609385768876,
      "revenue_growth": -13.477832269503445,
      "earnings_growth": -15.92487135175541
    }
  ],
  "metrics": {
    "revenue_trend": [
      {
        "date": "2025-07-28",
        "value": 13583513.827073177
      },
      {
        "date": "2025-04-29",
        "value": 12904338.135719517
      },
      {
        "date": "2025-01-29",
        "value": 12259121.228933543
      },
      {
        "date": "2024-10-31",
        "value": 11646165.167486863
      },
      {
        "date": "2024-08-02",
        "value": 11063856.90911252
      },
      {
        "date": "2024-05-04",
        "value": 10510664.063656893
      },
      {
        "date": "2024-02-04",
        "value": 9985130.860474048
      },
      {
        "date": "2023-11-06",
        "value": 9485874.317450345
      }
    ],
    "eps_trend": [
      {
        "date": "2025-07-28",
        "value": 0.0009707841304082146
      },
      {
        "date": "2025-04-29",
        "value": 0.0009222449238878038
      },
      {
        "date": "2025-01-29",
        "value": 0.0008761326776934136
      },
      {
        "date": "2024-10-31",
        "value": 0.0008323260438087429
      },
      {
        "date": "2024-08-02",
        "value": 0.0007907097416183057
      },
      {
        "date": "2024-05-04",
        "value": 0.0007511742545373904
      },
      {
        "date": "2024-02-04",
        "value": 0.0007136155418105208
      },
      {
        "date": "2023-11-06",
        "value": 0.0006779347647199947
      }
    ],
    "earnings_dates": [
      "2025-07-28",
      "2025-04-29",
      "2025-01-29",
      "2024-10-31",
      "2024-08-02",
      "2024-05-04",
      "2024-02-04",
      "2023-11-06"
    ]
  },
  "analysis": {
    "avg_revenue_growth": -14.90371870962609,
    "avg_earnings_surprise": 2.8995607305953275,
    "consistency_score": 80,
    "trend_direction": "declining"
  }
}