{
  "ticker": "GRMN",
  "quarters": [
    {
      "date": "2025-07-28",
      "quarter": "Q3 2025",
      "revenue": 42870340.11685675,
      "earnings": 2648901.428505106,
      "eps_actual": 0.0007169846999268984,
      "eps_estimate": 0.0006826195368410403,
      "surprise_percent": 5.034306994037962,
      "price_on_date": 0.1924414545088849,
      "revenue_growth": -9.90352467576503,
      "earnings_growth": -10.944725337204327
    },
    {
      "date": "2025-04-29",
      "quarter": "Q2 2025",
      "revenue": 40726823.111013904,
      "earnings": 2516456.3570798505,
      "eps_actual": 0.0006811354649305534,
      "eps_estimate": 0.0006900889688769141,
      "surprise_percent": -1.2974419748995656,
      "price_on_date": 0.1903190952574944,
      "revenue_growth": -11.892177661266967,
      "earnings_growth": -12.474082560891407
    },
    {
      "date": "2025-01-29",
      "quarter": "Q1 2025",
      "revenue": 38690481.955463216,
      "earnings": 2390633.539225858,
      "eps_actual": 0.0006470786916840257,
      "eps_estimate": 0.0006463358549998919,
      "surprise_percent": 0.11493044651436923,
      "price_on_date": 0.1676854488560414,
      "revenue_growth": -12.691313686839608,
      "earnings_growth": -14.85926036249227
    },
    {
      "date": "2024-10-31",
      "quarter": "Q4 2024",
      "revenue": 36755957.85769005,
      "earnings": 2271101.862264565,
      "eps_actual": 0.0006147247570998244,
      "eps_estimate": 0.0006018946439213349,
      "surprise_percent": 2.131621091508889,
      "price_on_date": 0.14223651802946655,
      "revenue_growth": -11.344988867480604,
      "earnings_growth": -14.959691750584208
    },
    {
      "date": "2024-08-02",
      "quarter": "Q3 2024",
      "revenue": 34918159.96480554,
      "earnings": 2157546.7691513365,
      "eps_actual": 0.0005839885192448331,
      "eps_estimate": 0.0005815673933907757,
      "surprise_percent": 0.41631045371048553,
      "price_on_date": 0.14475584978294545,
      "revenue_growth": -13.120811402747707,
      "earnings_growth": -12.247390219173385
    },
    {
      "date": "2024-05-04",
      "quarter": "Q2 2024",
      "revenue": 33172251.966565263,
      "earnings": 2049669.4306937694,
      "eps_actual": 0.0005547890932825914,
      "eps_estimate": 0.0005389159194893557,
      "surprise_percent": 2.945389664546585,
      "price_on_date": 0.12789583315570763,
      "revenue_growth": -11.58882119823085,
      "earnings_growth": -8.907771568111468
    },
    {
      "date": "2024-02-04",
      "quarter": "Q1 2024",
      "revenue": 31513639.368237,
      "earnings": 1947185.959159081,
      "eps_actual": 0.0005270496386184619,
      "eps_estimate": 0.000519898990670056,
      "surprise_percent": 1.3753917735423975,
      "price_on_date": 0.1304645130543543,
      "revenue_growth": -10.893200195925923,
      "earnings_growth": -8.4493743555702
    },
    {
      "date": "2023-11-06",
      "quarter": "Q4 2023",
      "revenue": 29937957.39982515,
      "earnings": 1849826.6612011269,
      "eps_actual": 0.0005006971566875387,
      "eps_estimate": 0.00047838588244651555,
      "surprise_percent": 4.6638655235645725,
      "price_on_date": 0.11909027624668832,
      "revenue_growth": -10.626396651220773,
      "earnings_growth": -11.014543835472145
    }
  ],
  "metrics": {
    "revenue_trend": [
      {
        "date": "2025-07-28",
        "value": 42870340.11685675
      },
      {
        "date": "2025-04-29",
        "value": 40726823.111013904
      },
      {
        "date": "2025-01-29",
        "value": 38690481.955463216
      },
      {
        "date": "2024-10-31",
        "value": 36755957.85769005
      },
      {
        "date": "2024-08-02",
        "value": 34918159.96480554
      },
      {
        "date": "2024-05-04",
        "value": 33172251.966565263
      },
      {
        "date": "2024-02-04",
        "value": 31513639.368237
      },
      {
        "date": "2023-11-06",
        "value": 29937957.39982515
      }
    ],
    "eps_trend": [
      {
        "date": "2025-07-28",
        "value": 0.0007169846999268984
      },
      {
        "date": "2025-04-29",
        "value": 0.0006811354649305534
      },
      {
        "date": "2025-01-29",
        "value": 0.0006470786916840257
      },
      {
        "date": "2024-10-31",
        "value": 0.0006147247570998244
      },
      {
        "date": "2024-08-02",
        "value": 0.0005839885192448331
      },
      {
        "date": "2024-05-04",
        "value": 0.0005547890932825914
      },
      {
        "date": "2024-02-04",
        "value": 0.0005270496386184619
      },
      {
        "date": "2023-11-06",
        "value": 0.0005006971566875387
      }
    ],
    "earnings_dates": [
      "2025-07-28",
      "2025-04-29",
      "2025-01-29",
      "2024-10-31",
      "2024-08-02",
      "2024-05-04",
      "2024-02-04",
      "2023-11-06"
    ]
  },
  "analysis": {
    "avg_revenue_growth": -11.458001222838051,
    "avg_earnings_surprise": 1.4958541392904137,
    "consistency_score": 95,
    "trend_direction": "declining"
  }
}