{
  "ticker": "GS",
  "quarters": [
    {
      "date": "2025-07-28",
      "quarter": "Q3 2025",
      "revenue": 18942070739.978836,
      "earnings": 806796357.6921415,
      "eps_actual": 1.109803799583244,
      "eps_estimate": 1.097369550623069,
      "surprise_percent": 1.1330958611996302,
      "price_on_date": 1151.3463224061238,
      "revenue_growth": 4.629266231184344,
      "earnings_growth": 5.486804072414414
    },
    {
      "date": "2025-04-29",
      "quarter": "Q2 2025",
      "revenue": 17994967202.979893,
      "earnings": 766456539.8075343,
      "eps_actual": 1.0543136096040817,
      "eps_estimate": 1.0348695086612896,
      "surprise_percent": 1.8788939842227155,
      "price_on_date": 1152.1299022484902,
      "revenue_growth": 5.932169736160096,
      "earnings_growth": 5.817976986563615
    },
    {
      "date": "2025-01-29",
      "quarter": "Q1 2025",
      "revenue": 17095218842.830898,
      "earnings": 728133712.8171576,
      "eps_actual": 1.0015979291238775,
      "eps_estimate": 1.0131818519140492,
      "surprise_percent": -1.1433211884212098,
      "price_on_date": 926.9423586065392,
      "revenue_growth": 4.875554024187113,
      "earnings_growth": 5.919088466412793
    },
    {
      "date": "2024-10-31",
      "quarter": "Q4 2024",
      "revenue": 16240457900.689352,
      "earnings": 691727027.1762997,
      "eps_actual": 0.9515180326676836,
      "eps_estimate": 0.9199114155509702,
      "surprise_percent": 3.4358326880619265,
      "price_on_date": 1021.7991997599096,
      "revenue_growth": 6.130774452563083,
      "earnings_growth": 6.308798779870138
    },
    {
      "date": "2024-08-02",
      "quarter": "Q3 2024",
      "revenue": 15428435005.654884,
      "earnings": 657140675.8174847,
      "eps_actual": 0.9039421310342994,
      "eps_estimate": 0.9214071883221221,
      "surprise_percent": -1.89547656119619,
      "price_on_date": 900.3418373757179,
      "revenue_growth": 5.698729137301629,
      "earnings_growth": 6.050876341786696
    },
    {
      "date": "2024-05-04",
      "quarter": "Q2 2024",
      "revenue": 14657013255.372139,
      "earnings": 624283642.0266104,
      "eps_actual": 0.8587450244825843,
      "eps_estimate": 0.8179092305208748,
      "surprise_percent": 4.992704867226367,
      "price_on_date": 821.8606048720367,
      "revenue_growth": 5.714528019999519,
      "earnings_growth": 4.6419250365469376
    },
    {
      "date": "2024-02-04",
      "quarter": "Q1 2024",
      "revenue": 13924162592.60353,
      "earnings": 593069459.9252799,
      "eps_actual": 0.8158077732584551,
      "eps_estimate": 0.8268557374959221,
      "surprise_percent": -1.3361416915271147,
      "price_on_date": 892.179126207197,
      "revenue_growth": 6.045022449008993,
      "earnings_growth": 5.727650637863362
    },
    {
      "date": "2023-11-06",
      "quarter": "Q4 2023",
      "revenue": 13227954462.973354,
      "earnings": 563415986.9290159,
      "eps_actual": 0.7750173845955324,
      "eps_estimate": 0.7745911049807613,
      "surprise_percent": 0.0550328569525245,
      "price_on_date": 724.2773126643729,
      "revenue_growth": 4.706320377254766,
      "earnings_growth": 6.148251658933912
    }
  ],
  "metrics": {
    "revenue_trend": [
      {
        "date": "2025-07-28",
        "value": 18942070739.978836
      },
      {
        "date": "2025-04-29",
        "value": 17994967202.979893
      },
      {
        "date": "2025-01-29",
        "value": 17095218842.830898
      },
      {
        "date": "2024-10-31",
        "value": 16240457900.689352
      },
      {
        "date": "2024-08-02",
        "value": 15428435005.654884
      },
      {
        "date": "2024-05-04",
        "value": 14657013255.372139
      },
      {
        "date": "2024-02-04",
        "value": 13924162592.60353
      },
      {
        "date": "2023-11-06",
        "value": 13227954462.973354
      }
    ],
    "eps_trend": [
      {
        "date": "2025-07-28",
        "value": 1.109803799583244
      },
      {
        "date": "2025-04-29",
        "value": 1.0543136096040817
      },
      {
        "date": "2025-01-29",
        "value": 1.0015979291238775
      },
      {
        "date": "2024-10-31",
        "value": 0.9515180326676836
      },
      {
        "date": "2024-08-02",
        "value": 0.9039421310342994
      },
      {
        "date": "2024-05-04",
        "value": 0.8587450244825843
      },
      {
        "date": "2024-02-04",
        "value": 0.8158077732584551
      },
      {
        "date": "2023-11-06",
        "value": 0.7750173845955324
      }
    ],
    "earnings_dates": [
      "2025-07-28",
      "2025-04-29",
      "2025-01-29",
      "2024-10-31",
      "2024-08-02",
      "2024-05-04",
      "2024-02-04",
      "2023-11-06"
    ]
  },
  "analysis": {
    "avg_revenue_growth": 5.391941111023659,
    "avg_earnings_surprise": 1.3261253362657657,
    "consistency_score": 86,
    "trend_direction": "growing"
  }
}