{
  "ticker": "GWW",
  "quarters": [
    {
      "date": "2025-07-28",
      "quarter": "Q3 2025",
      "revenue": 58387110.08171421,
      "earnings": 7543898.962459896,
      "eps_actual": 0.014081957630424068,
      "eps_estimate": 0.0135929611475591,
      "surprise_percent": 3.5974242665497376,
      "price_on_date": 1.3536654980591845,
      "revenue_growth": 24.781437831920453,
      "earnings_growth": 22.74991776048017
    },
    {
      "date": "2025-04-29",
      "quarter": "Q2 2025",
      "revenue": 55467754.5776285,
      "earnings": 7166704.014336901,
      "eps_actual": 0.013377859748902864,
      "eps_estimate": 0.013328303571512686,
      "surprise_percent": 0.3718115897067147,
      "price_on_date": 1.5558544536335774,
      "revenue_growth": 17.429777274337457,
      "earnings_growth": 24.98545107564187
    },
    {
      "date": "2025-01-29",
      "quarter": "Q1 2025",
      "revenue": 52694366.848747075,
      "earnings": 6808368.813620055,
      "eps_actual": 0.01270896676145772,
      "eps_estimate": 0.012553271942006207,
      "surprise_percent": 1.2402728162888086,
      "price_on_date": 1.2452033833385805,
      "revenue_growth": 17.82991159517906,
      "earnings_growth": 25.544328684965564
    },
    {
      "date": "2024-10-31",
      "quarter": "Q4 2024",
      "revenue": 50059648.50630972,
      "earnings": 6467950.372939052,
      "eps_actual": 0.012073518423384834,
      "eps_estimate": 0.011613911622246002,
      "surprise_percent": 3.9573815962097796,
      "price_on_date": 1.4164176758885436,
      "revenue_growth": 19.780771130798414,
      "earnings_growth": 26.127715454330268
    },
    {
      "date": "2024-08-02",
      "quarter": "Q3 2024",
      "revenue": 47556666.08099423,
      "earnings": 6144552.854292099,
      "eps_actual": 0.011469842502215591,
      "eps_estimate": 0.010979875533001697,
      "surprise_percent": 4.462409138803293,
      "price_on_date": 1.2276177666015904,
      "revenue_growth": 23.265874860415348,
      "earnings_growth": 15.366458770570116
    },
    {
      "date": "2024-05-04",
      "quarter": "Q2 2024",
      "revenue": 45178832.77694451,
      "earnings": 5837325.211577494,
      "eps_actual": 0.01089635037710481,
      "eps_estimate": 0.010613032228848544,
      "surprise_percent": 2.6695306501203806,
      "price_on_date": 1.1251939146162935,
      "revenue_growth": 23.273196750026724,
      "earnings_growth": 18.203050439567416
    },
    {
      "date": "2024-02-04",
      "quarter": "Q1 2024",
      "revenue": 42919891.138097286,
      "earnings": 5545458.950998619,
      "eps_actual": 0.01035153285824957,
      "eps_estimate": 0.010041988523605373,
      "surprise_percent": 3.082500382434836,
      "price_on_date": 1.0505117743475472,
      "revenue_growth": 21.10121416189971,
      "earnings_growth": 20.637215726613594
    },
    {
      "date": "2023-11-06",
      "quarter": "Q4 2023",
      "revenue": 40773896.58119242,
      "earnings": 5268186.0034486875,
      "eps_actual": 0.00983395621533709,
      "eps_estimate": 0.009645070745934651,
      "surprise_percent": 1.9583627158157737,
      "price_on_date": 1.13486750694751,
      "revenue_growth": 19.645163522144202,
      "earnings_growth": 24.344907374687235
    }
  ],
  "metrics": {
    "revenue_trend": [
      {
        "date": "2025-07-28",
        "value": 58387110.08171421
      },
      {
        "date": "2025-04-29",
        "value": 55467754.5776285
      },
      {
        "date": "2025-01-29",
        "value": 52694366.848747075
      },
      {
        "date": "2024-10-31",
        "value": 50059648.50630972
      },
      {
        "date": "2024-08-02",
        "value": 47556666.08099423
      },
      {
        "date": "2024-05-04",
        "value": 45178832.77694451
      },
      {
        "date": "2024-02-04",
        "value": 42919891.138097286
      },
      {
        "date": "2023-11-06",
        "value": 40773896.58119242
      }
    ],
    "eps_trend": [
      {
        "date": "2025-07-28",
        "value": 0.014081957630424068
      },
      {
        "date": "2025-04-29",
        "value": 0.013377859748902864
      },
      {
        "date": "2025-01-29",
        "value": 0.01270896676145772
      },
      {
        "date": "2024-10-31",
        "value": 0.012073518423384834
      },
      {
        "date": "2024-08-02",
        "value": 0.011469842502215591
      },
      {
        "date": "2024-05-04",
        "value": 0.01089635037710481
      },
      {
        "date": "2024-02-04",
        "value": 0.01035153285824957
      },
      {
        "date": "2023-11-06",
        "value": 0.00983395621533709
      }
    ],
    "earnings_dates": [
      "2025-07-28",
      "2025-04-29",
      "2025-01-29",
      "2024-10-31",
      "2024-08-02",
      "2024-05-04",
      "2024-02-04",
      "2023-11-06"
    ]
  },
  "analysis": {
    "avg_revenue_growth": 19.955474458058845,
    "avg_earnings_surprise": 2.29172256718876,
    "consistency_score": 91,
    "trend_direction": "growing"
  }
}