{
  "ticker": "HAL",
  "quarters": [
    {
      "date": "2025-07-28",
      "quarter": "Q3 2025",
      "revenue": 68525426.12117523,
      "earnings": 8957530.245682763,
      "eps_actual": 0.027312919858025822,
      "eps_estimate": 0.027417721738943267,
      "surprise_percent": -0.38224139086139847,
      "price_on_date": 1.8869228422843305,
      "revenue_growth": -5.2817523532981765,
      "earnings_growth": -5.98997536372076
    },
    {
      "date": "2025-04-29",
      "quarter": "Q2 2025",
      "revenue": 65099154.815116465,
      "earnings": 8509653.733398624,
      "eps_actual": 0.025947273865124527,
      "eps_estimate": 0.02559856168583136,
      "surprise_percent": 1.3622334862906695,
      "price_on_date": 1.8577271719195678,
      "revenue_growth": -4.71072085085571,
      "earnings_growth": -4.673299410508958
    },
    {
      "date": "2025-01-29",
      "quarter": "Q1 2025",
      "revenue": 61844197.07436064,
      "earnings": 8084171.046728693,
      "eps_actual": 0.0246499101718683,
      "eps_estimate": 0.023474419900673532,
      "surprise_percent": 5.007537038906942,
      "price_on_date": 1.6136146886894973,
      "revenue_growth": -5.6355190309249625,
      "earnings_growth": -4.237779368457982
    },
    {
      "date": "2024-10-31",
      "quarter": "Q4 2024",
      "revenue": 58751987.220642604,
      "earnings": 7679962.494392258,
      "eps_actual": 0.023417414663274887,
      "eps_estimate": 0.022421695233083235,
      "surprise_percent": 4.440874875163173,
      "price_on_date": 1.455466534650553,
      "revenue_growth": -4.196545888039984,
      "earnings_growth": -4.0632059878382
    },
    {
      "date": "2024-08-02",
      "quarter": "Q3 2024",
      "revenue": 55814387.859610476,
      "earnings": 7295964.369672645,
      "eps_actual": 0.02224654393011114,
      "eps_estimate": 0.021518887487919754,
      "surprise_percent": 3.3814779811450695,
      "price_on_date": 1.382634784148879,
      "revenue_growth": -4.18128207334264,
      "earnings_growth": -3.57031048333593
    },
    {
      "date": "2024-05-04",
      "quarter": "Q2 2024",
      "revenue": 53023668.466629945,
      "earnings": 6931166.151189012,
      "eps_actual": 0.021134216733605583,
      "eps_estimate": 0.020418229005537348,
      "surprise_percent": 3.5066103327279863,
      "price_on_date": 1.3789240285523845,
      "revenue_growth": -4.771064021447485,
      "earnings_growth": -5.25221590357139
    },
    {
      "date": "2024-02-04",
      "quarter": "Q1 2024",
      "revenue": 50372485.043298446,
      "earnings": 6584607.843629561,
      "eps_actual": 0.020077505896925304,
      "eps_estimate": 0.019345391072198032,
      "surprise_percent": 3.7844405522482334,
      "price_on_date": 1.4529885124169466,
      "revenue_growth": -4.950869191823214,
      "earnings_growth": -4.165625014787724
    },
    {
      "date": "2023-11-06",
      "quarter": "Q4 2023",
      "revenue": 47853860.791133516,
      "earnings": 6255377.451448082,
      "eps_actual": 0.019073630602079034,
      "eps_estimate": 0.018137968413637885,
      "surprise_percent": 5.15858318364711,
      "price_on_date": 1.2677283084665847,
      "revenue_growth": -4.362085740132853,
      "earnings_growth": -3.467023192415088
    }
  ],
  "metrics": {
    "revenue_trend": [
      {
        "date": "2025-07-28",
        "value": 68525426.12117523
      },
      {
        "date": "2025-04-29",
        "value": 65099154.815116465
      },
      {
        "date": "2025-01-29",
        "value": 61844197.07436064
      },
      {
        "date": "2024-10-31",
        "value": 58751987.220642604
      },
      {
        "date": "2024-08-02",
        "value": 55814387.859610476
      },
      {
        "date": "2024-05-04",
        "value": 53023668.466629945
      },
      {
        "date": "2024-02-04",
        "value": 50372485.043298446
      },
      {
        "date": "2023-11-06",
        "value": 47853860.791133516
      }
    ],
    "eps_trend": [
      {
        "date": "2025-07-28",
        "value": 0.027312919858025822
      },
      {
        "date": "2025-04-29",
        "value": 0.025947273865124527
      },
      {
        "date": "2025-01-29",
        "value": 0.0246499101718683
      },
      {
        "date": "2024-10-31",
        "value": 0.023417414663274887
      },
      {
        "date": "2024-08-02",
        "value": 0.02224654393011114
      },
      {
        "date": "2024-05-04",
        "value": 0.021134216733605583
      },
      {
        "date": "2024-02-04",
        "value": 0.020077505896925304
      },
      {
        "date": "2023-11-06",
        "value": 0.019073630602079034
      }
    ],
    "earnings_dates": [
      "2025-07-28",
      "2025-04-29",
      "2025-01-29",
      "2024-10-31",
      "2024-08-02",
      "2024-05-04",
      "2024-02-04",
      "2023-11-06"
    ]
  },
  "analysis": {
    "avg_revenue_growth": -4.956134530779708,
    "avg_earnings_surprise": 2.607101002374846,
    "consistency_score": 84,
    "trend_direction": "stable"
  }
}