{
  "ticker": "HAS",
  "quarters": [
    {
      "date": "2025-07-28",
      "quarter": "Q3 2025",
      "revenue": 100938430.81556787,
      "earnings": 2370701.25283611,
      "eps_actual": 0.000590858328840912,
      "eps_estimate": 0.0005826851245774648,
      "surprise_percent": 1.4026794092905666,
      "price_on_date": 0.09496909344541497,
      "revenue_growth": -18.567388355165356,
      "earnings_growth": -17.38916066043106
    },
    {
      "date": "2025-04-29",
      "quarter": "Q2 2025",
      "revenue": 95891509.27478947,
      "earnings": 2252166.1901943046,
      "eps_actual": 0.0005613154123988663,
      "eps_estimate": 0.0005350535024398929,
      "surprise_percent": 4.908277366509455,
      "price_on_date": 0.08934434522432567,
      "revenue_growth": -22.327791013853005,
      "earnings_growth": -15.742913513148883
    },
    {
      "date": "2025-01-29",
      "quarter": "Q1 2025",
      "revenue": 91096933.81105,
      "earnings": 2139557.8806845895,
      "eps_actual": 0.000533249641778923,
      "eps_estimate": 0.0005315818636472777,
      "surprise_percent": 0.31373871941425324,
      "price_on_date": 0.08989652466408861,
      "revenue_growth": -19.272860985204563,
      "earnings_growth": -14.570619294544459
    },
    {
      "date": "2024-10-31",
      "quarter": "Q4 2024",
      "revenue": 86542087.1204975,
      "earnings": 2032579.9866503598,
      "eps_actual": 0.0005065871596899768,
      "eps_estimate": 0.0005093290310571794,
      "surprise_percent": -0.5383300774180219,
      "price_on_date": 0.08226814197668415,
      "revenue_growth": -18.672382780999172,
      "earnings_growth": -15.9837859501983
    },
    {
      "date": "2024-08-02",
      "quarter": "Q3 2024",
      "revenue": 82214982.76447262,
      "earnings": 1930950.9873178417,
      "eps_actual": 0.00048125780170547795,
      "eps_estimate": 0.0004882051567586835,
      "surprise_percent": -1.423040079980065,
      "price_on_date": 0.07527535555891428,
      "revenue_growth": -21.107042972206997,
      "earnings_growth": -21.233575177136014
    },
    {
      "date": "2024-05-04",
      "quarter": "Q2 2024",
      "revenue": 78104233.62624897,
      "earnings": 1834403.4379519494,
      "eps_actual": 0.00045719491162020404,
      "eps_estimate": 0.00046480712010957346,
      "surprise_percent": -1.6377133998237652,
      "price_on_date": 0.07471299057351785,
      "revenue_growth": -22.369530770983857,
      "earnings_growth": -14.302379931493693
    },
    {
      "date": "2024-02-04",
      "quarter": "Q1 2024",
      "revenue": 74199021.94493653,
      "earnings": 1742683.266054352,
      "eps_actual": 0.00043433516603919384,
      "eps_estimate": 0.0004182930640799528,
      "surprise_percent": 3.835134583100508,
      "price_on_date": 0.06625536280637077,
      "revenue_growth": -17.03641815095306,
      "earnings_growth": -24.321011443678785
    },
    {
      "date": "2023-11-06",
      "quarter": "Q4 2023",
      "revenue": 70489070.84768969,
      "earnings": 1655549.102751634,
      "eps_actual": 0.00041261840773723407,
      "eps_estimate": 0.0004002572160683082,
      "surprise_percent": 3.088312008550094,
      "price_on_date": 0.05958717445814161,
      "revenue_growth": -16.680037811262988,
      "earnings_growth": -13.321470506924461
    }
  ],
  "metrics": {
    "revenue_trend": [
      {
        "date": "2025-07-28",
        "value": 100938430.81556787
      },
      {
        "date": "2025-04-29",
        "value": 95891509.27478947
      },
      {
        "date": "2025-01-29",
        "value": 91096933.81105
      },
      {
        "date": "2024-10-31",
        "value": 86542087.1204975
      },
      {
        "date": "2024-08-02",
        "value": 82214982.76447262
      },
      {
        "date": "2024-05-04",
        "value": 78104233.62624897
      },
      {
        "date": "2024-02-04",
        "value": 74199021.94493653
      },
      {
        "date": "2023-11-06",
        "value": 70489070.84768969
      }
    ],
    "eps_trend": [
      {
        "date": "2025-07-28",
        "value": 0.000590858328840912
      },
      {
        "date": "2025-04-29",
        "value": 0.0005613154123988663
      },
      {
        "date": "2025-01-29",
        "value": 0.000533249641778923
      },
      {
        "date": "2024-10-31",
        "value": 0.0005065871596899768
      },
      {
        "date": "2024-08-02",
        "value": 0.00048125780170547795
      },
      {
        "date": "2024-05-04",
        "value": 0.00045719491162020404
      },
      {
        "date": "2024-02-04",
        "value": 0.00043433516603919384
      },
      {
        "date": "2023-11-06",
        "value": 0.00041261840773723407
      }
    ],
    "earnings_dates": [
      "2025-07-28",
      "2025-04-29",
      "2025-01-29",
      "2024-10-31",
      "2024-08-02",
      "2024-05-04",
      "2024-02-04",
      "2023-11-06"
    ]
  },
  "analysis": {
    "avg_revenue_growth": -19.710105783805524,
    "avg_earnings_surprise": 1.5215913544490633,
    "consistency_score": 84,
    "trend_direction": "declining"
  }
}