{
  "ticker": "HBAN",
  "quarters": [
    {
      "date": "2025-07-28",
      "quarter": "Q3 2025",
      "revenue": 47527424.180607095,
      "earnings": 10411557.817977313,
      "eps_actual": 0.0024520514825962926,
      "eps_estimate": 0.0024818987314122304,
      "surprise_percent": -1.2025973678206605,
      "price_on_date": 0.3321384705718571,
      "revenue_growth": 18.608760782499683,
      "earnings_growth": 17.620381571780232
    },
    {
      "date": "2025-04-29",
      "quarter": "Q2 2025",
      "revenue": 45151052.971576735,
      "earnings": 9890979.927078446,
      "eps_actual": 0.002329448908466478,
      "eps_estimate": 0.002214982886915776,
      "surprise_percent": 5.167806136420702,
      "price_on_date": 0.29192291598053477,
      "revenue_growth": 19.239662901049993,
      "earnings_growth": 21.614531505018682
    },
    {
      "date": "2025-01-29",
      "quarter": "Q1 2025",
      "revenue": 42893500.322997905,
      "earnings": 9396430.930724526,
      "eps_actual": 0.0022129764630431543,
      "eps_estimate": 0.0021127459784828486,
      "surprise_percent": 4.7440859233006645,
      "price_on_date": 0.28160183653346116,
      "revenue_growth": 24.217952700696152,
      "earnings_growth": 26.966672814962585
    },
    {
      "date": "2024-10-31",
      "quarter": "Q4 2024",
      "revenue": 40748825.306848004,
      "earnings": 8926609.384188298,
      "eps_actual": 0.0021023276398909963,
      "eps_estimate": 0.002013611624761617,
      "surprise_percent": 4.405815602096666,
      "price_on_date": 0.31162070501877837,
      "revenue_growth": 22.902995144931758,
      "earnings_growth": 18.725157552260942
    },
    {
      "date": "2024-08-02",
      "quarter": "Q3 2024",
      "revenue": 38711384.041505605,
      "earnings": 8480278.914978884,
      "eps_actual": 0.001997211257896447,
      "eps_estimate": 0.0020265017596486994,
      "surprise_percent": -1.4453726286095183,
      "price_on_date": 0.28034275906583095,
      "revenue_growth": 18.812699597281906,
      "earnings_growth": 23.540874997624275
    },
    {
      "date": "2024-05-04",
      "quarter": "Q2 2024",
      "revenue": 36775814.83943032,
      "earnings": 8056264.9692299375,
      "eps_actual": 0.0018973506950016239,
      "eps_estimate": 0.001881608003259559,
      "surprise_percent": 0.8366616061790458,
      "price_on_date": 0.24407914319173285,
      "revenue_growth": 24.979901796218364,
      "earnings_growth": 17.80535029639451
    },
    {
      "date": "2024-02-04",
      "quarter": "Q1 2024",
      "revenue": 34937024.0974588,
      "earnings": 7653451.7207684405,
      "eps_actual": 0.0018024831602515426,
      "eps_estimate": 0.0017720930679678568,
      "surprise_percent": 1.714926424182427,
      "price_on_date": 0.24713047083889947,
      "revenue_growth": 23.25759916823315,
      "earnings_growth": 23.95476746174524
    },
    {
      "date": "2023-11-06",
      "quarter": "Q4 2023",
      "revenue": 33190172.89258586,
      "earnings": 7270779.134730018,
      "eps_actual": 0.0017123590022389654,
      "eps_estimate": 0.0017346200898700507,
      "surprise_percent": -1.2833408168789862,
      "price_on_date": 0.22165461055218158,
      "revenue_growth": 22.99583758782393,
      "earnings_growth": 17.582624487599276
    }
  ],
  "metrics": {
    "revenue_trend": [
      {
        "date": "2025-07-28",
        "value": 47527424.180607095
      },
      {
        "date": "2025-04-29",
        "value": 45151052.971576735
      },
      {
        "date": "2025-01-29",
        "value": 42893500.322997905
      },
      {
        "date": "2024-10-31",
        "value": 40748825.306848004
      },
      {
        "date": "2024-08-02",
        "value": 38711384.041505605
      },
      {
        "date": "2024-05-04",
        "value": 36775814.83943032
      },
      {
        "date": "2024-02-04",
        "value": 34937024.0974588
      },
      {
        "date": "2023-11-06",
        "value": 33190172.89258586
      }
    ],
    "eps_trend": [
      {
        "date": "2025-07-28",
        "value": 0.0024520514825962926
      },
      {
        "date": "2025-04-29",
        "value": 0.002329448908466478
      },
      {
        "date": "2025-01-29",
        "value": 0.0022129764630431543
      },
      {
        "date": "2024-10-31",
        "value": 0.0021023276398909963
      },
      {
        "date": "2024-08-02",
        "value": 0.001997211257896447
      },
      {
        "date": "2024-05-04",
        "value": 0.0018973506950016239
      },
      {
        "date": "2024-02-04",
        "value": 0.0018024831602515426
      },
      {
        "date": "2023-11-06",
        "value": 0.0017123590022389654
      }
    ],
    "earnings_dates": [
      "2025-07-28",
      "2025-04-29",
      "2025-01-29",
      "2024-10-31",
      "2024-08-02",
      "2024-05-04",
      "2024-02-04",
      "2023-11-06"
    ]
  },
  "analysis": {
    "avg_revenue_growth": 21.242342882294395,
    "avg_earnings_surprise": 3.278777573499343,
    "consistency_score": 84,
    "trend_direction": "growing"
  }
}