{
  "ticker": "HCA",
  "quarters": [
    {
      "date": "2025-07-28",
      "quarter": "Q3 2025",
      "revenue": 29668461.00743014,
      "earnings": 8548810.61954368,
      "eps_actual": 0.011359259605100105,
      "eps_estimate": 0.011562982836900092,
      "surprise_percent": -1.7618570802497406,
      "price_on_date": 2.27578944411942,
      "revenue_growth": 4.129886868861361,
      "earnings_growth": 6.297611012644759
    },
    {
      "date": "2025-04-29",
      "quarter": "Q2 2025",
      "revenue": 28185037.95705863,
      "earnings": 8121370.088566497,
      "eps_actual": 0.0107912966248451,
      "eps_estimate": 0.010597448422913333,
      "surprise_percent": 1.829196936808264,
      "price_on_date": 2.1230493819805956,
      "revenue_growth": 5.474365577843855,
      "earnings_growth": 6.210907622994141
    },
    {
      "date": "2025-01-29",
      "quarter": "Q1 2025",
      "revenue": 26775786.0592057,
      "earnings": 7715301.584138173,
      "eps_actual": 0.010251731793602847,
      "eps_estimate": 0.010401950136575992,
      "surprise_percent": -1.4441363494421882,
      "price_on_date": 1.7977745676762031,
      "revenue_growth": 5.804724007865086,
      "earnings_growth": 6.367361926207776
    },
    {
      "date": "2024-10-31",
      "quarter": "Q4 2024",
      "revenue": 25436996.756245412,
      "earnings": 7329536.504931263,
      "eps_actual": 0.009739145203922703,
      "eps_estimate": 0.00925618521609617,
      "surprise_percent": 5.217700127550195,
      "price_on_date": 1.8469021997311084,
      "revenue_growth": 4.801469994922496,
      "earnings_growth": 5.404428136567657
    },
    {
      "date": "2024-08-02",
      "quarter": "Q3 2024",
      "revenue": 24165146.91843314,
      "earnings": 6963059.6796846995,
      "eps_actual": 0.009252187943726568,
      "eps_estimate": 0.009253678183493137,
      "surprise_percent": -0.016104296443197958,
      "price_on_date": 1.865957064818449,
      "revenue_growth": 5.495623707677879,
      "earnings_growth": 4.715201135529907
    },
    {
      "date": "2024-05-04",
      "quarter": "Q2 2024",
      "revenue": 22956889.572511483,
      "earnings": 6614906.695700465,
      "eps_actual": 0.00878957854654024,
      "eps_estimate": 0.008895470406581786,
      "surprise_percent": -1.190402027117051,
      "price_on_date": 1.5322905590718443,
      "revenue_growth": 5.62884123699503,
      "earnings_growth": 4.979237916127481
    },
    {
      "date": "2024-02-04",
      "quarter": "Q1 2024",
      "revenue": 21809045.093885906,
      "earnings": 6284161.36091544,
      "eps_actual": 0.008350099619213226,
      "eps_estimate": 0.008069764734523303,
      "surprise_percent": 3.473891667381826,
      "price_on_date": 1.7042147948669377,
      "revenue_growth": 4.085084598560523,
      "earnings_growth": 5.9530082528028565
    },
    {
      "date": "2023-11-06",
      "quarter": "Q4 2023",
      "revenue": 20718592.839191608,
      "earnings": 5969953.2928696675,
      "eps_actual": 0.007932594638252563,
      "eps_estimate": 0.00768952354090123,
      "surprise_percent": 3.161068381654818,
      "price_on_date": 1.350256875711372,
      "revenue_growth": 4.6113034594384406,
      "earnings_growth": 4.095352283155269
    }
  ],
  "metrics": {
    "revenue_trend": [
      {
        "date": "2025-07-28",
        "value": 29668461.00743014
      },
      {
        "date": "2025-04-29",
        "value": 28185037.95705863
      },
      {
        "date": "2025-01-29",
        "value": 26775786.0592057
      },
      {
        "date": "2024-10-31",
        "value": 25436996.756245412
      },
      {
        "date": "2024-08-02",
        "value": 24165146.91843314
      },
      {
        "date": "2024-05-04",
        "value": 22956889.572511483
      },
      {
        "date": "2024-02-04",
        "value": 21809045.093885906
      },
      {
        "date": "2023-11-06",
        "value": 20718592.839191608
      }
    ],
    "eps_trend": [
      {
        "date": "2025-07-28",
        "value": 0.011359259605100105
      },
      {
        "date": "2025-04-29",
        "value": 0.0107912966248451
      },
      {
        "date": "2025-01-29",
        "value": 0.010251731793602847
      },
      {
        "date": "2024-10-31",
        "value": 0.009739145203922703
      },
      {
        "date": "2024-08-02",
        "value": 0.009252187943726568
      },
      {
        "date": "2024-05-04",
        "value": 0.00878957854654024
      },
      {
        "date": "2024-02-04",
        "value": 0.008350099619213226
      },
      {
        "date": "2023-11-06",
        "value": 0.007932594638252563
      }
    ],
    "earnings_dates": [
      "2025-07-28",
      "2025-04-29",
      "2025-01-29",
      "2024-10-31",
      "2024-08-02",
      "2024-05-04",
      "2024-02-04",
      "2023-11-06"
    ]
  },
  "analysis": {
    "avg_revenue_growth": 5.052611612373199,
    "avg_earnings_surprise": 0.9602259086666325,
    "consistency_score": 67,
    "trend_direction": "growing"
  }
}