{
  "ticker": "HD",
  "quarters": [
    {
      "date": "2025-07-28",
      "quarter": "Q3 2025",
      "revenue": 49916810999.33717,
      "earnings": 1492913763.6367104,
      "eps_actual": 2.054318259873352,
      "eps_estimate": 2.023627926509034,
      "surprise_percent": 1.5165996160797324,
      "price_on_date": 1951.729718279472,
      "revenue_growth": 41.686102272003836,
      "earnings_growth": 40.071710901797644
    },
    {
      "date": "2025-04-29",
      "quarter": "Q2 2025",
      "revenue": 47420970449.370316,
      "earnings": 1418268075.4548748,
      "eps_actual": 1.9516023468796841,
      "eps_estimate": 1.8761811639176256,
      "surprise_percent": 4.019930719513927,
      "price_on_date": 1927.5847476406807,
      "revenue_growth": 40.195834817806244,
      "earnings_growth": 25.470940326413757
    },
    {
      "date": "2025-01-29",
      "quarter": "Q1 2025",
      "revenue": 45049921926.901794,
      "earnings": 1347354671.6821308,
      "eps_actual": 1.8540222295356998,
      "eps_estimate": 1.8785165177537586,
      "surprise_percent": -1.3039165738796847,
      "price_on_date": 1903.6230421158093,
      "revenue_growth": 35.0480656486388,
      "earnings_growth": 26.963979883365603
    },
    {
      "date": "2024-10-31",
      "quarter": "Q4 2024",
      "revenue": 42797425830.5567,
      "earnings": 1279986938.0980244,
      "eps_actual": 1.761321118058915,
      "eps_estimate": 1.728370558392668,
      "surprise_percent": 1.9064522654730913,
      "price_on_date": 1716.7857894313588,
      "revenue_growth": 42.1051569620284,
      "earnings_growth": 27.27276355659921
    },
    {
      "date": "2024-08-02",
      "quarter": "Q3 2024",
      "revenue": 40657554539.02887,
      "earnings": 1215987591.193123,
      "eps_actual": 1.6732550621559692,
      "eps_estimate": 1.6557274921482101,
      "surprise_percent": 1.0586023419239154,
      "price_on_date": 1645.9970358336093,
      "revenue_growth": 41.800349930288725,
      "earnings_growth": 32.41253372133129
    },
    {
      "date": "2024-05-04",
      "quarter": "Q2 2024",
      "revenue": 38624676812.077415,
      "earnings": 1155188211.6334667,
      "eps_actual": 1.5895923090481703,
      "eps_estimate": 1.5391856851665835,
      "surprise_percent": 3.274889077215616,
      "price_on_date": 1454.5613856293528,
      "revenue_growth": 37.56971097625425,
      "earnings_growth": 26.313062647020907
    },
    {
      "date": "2024-02-04",
      "quarter": "Q1 2024",
      "revenue": 36693442971.47355,
      "earnings": 1097428801.0517936,
      "eps_actual": 1.510112693595762,
      "eps_estimate": 1.529530355140562,
      "surprise_percent": -1.2695178934853757,
      "price_on_date": 1406.5138872290493,
      "revenue_growth": 40.89037311933027,
      "earnings_growth": 27.452598659078028
    },
    {
      "date": "2023-11-06",
      "quarter": "Q4 2023",
      "revenue": 34858770822.899864,
      "earnings": 1042557360.9992036,
      "eps_actual": 1.4346070589159736,
      "eps_estimate": 1.430039681013488,
      "surprise_percent": 0.31938819342751057,
      "price_on_date": 1280.042592906287,
      "revenue_growth": 40.0375234155127,
      "earnings_growth": 37.68579067711898
    }
  ],
  "metrics": {
    "revenue_trend": [
      {
        "date": "2025-07-28",
        "value": 49916810999.33717
      },
      {
        "date": "2025-04-29",
        "value": 47420970449.370316
      },
      {
        "date": "2025-01-29",
        "value": 45049921926.901794
      },
      {
        "date": "2024-10-31",
        "value": 42797425830.5567
      },
      {
        "date": "2024-08-02",
        "value": 40657554539.02887
      },
      {
        "date": "2024-05-04",
        "value": 38624676812.077415
      },
      {
        "date": "2024-02-04",
        "value": 36693442971.47355
      },
      {
        "date": "2023-11-06",
        "value": 34858770822.899864
      }
    ],
    "eps_trend": [
      {
        "date": "2025-07-28",
        "value": 2.054318259873352
      },
      {
        "date": "2025-04-29",
        "value": 1.9516023468796841
      },
      {
        "date": "2025-01-29",
        "value": 1.8540222295356998
      },
      {
        "date": "2024-10-31",
        "value": 1.761321118058915
      },
      {
        "date": "2024-08-02",
        "value": 1.6732550621559692
      },
      {
        "date": "2024-05-04",
        "value": 1.5895923090481703
      },
      {
        "date": "2024-02-04",
        "value": 1.510112693595762
      },
      {
        "date": "2023-11-06",
        "value": 1.4346070589159736
      }
    ],
    "earnings_dates": [
      "2025-07-28",
      "2025-04-29",
      "2025-01-29",
      "2024-10-31",
      "2024-08-02",
      "2024-05-04",
      "2024-02-04",
      "2023-11-06"
    ]
  },
  "analysis": {
    "avg_revenue_growth": 39.758789925119316,
    "avg_earnings_surprise": 1.5347665067967664,
    "consistency_score": 84,
    "trend_direction": "growing"
  }
}