{
  "ticker": "HES",
  "quarters": [
    {
      "date": "2025-07-28",
      "quarter": "Q3 2025",
      "revenue": 1852536807.6180768,
      "earnings": 176101263.69048446,
      "eps_actual": 0.04126678360002005,
      "eps_estimate": 0.041651899907112364,
      "surprise_percent": -0.9246068197397002,
      "price_on_date": 4.773363695432144,
      "revenue_growth": -11.30851026906643,
      "earnings_growth": -11.296170340221073
    },
    {
      "date": "2025-04-29",
      "quarter": "Q2 2025",
      "revenue": 1759909967.2371728,
      "earnings": 167296200.50596023,
      "eps_actual": 0.039203444420019044,
      "eps_estimate": 0.0390069051977288,
      "surprise_percent": 0.5038575126480116,
      "price_on_date": 4.062488934575398,
      "revenue_growth": -13.750488866831754,
      "earnings_growth": -15.196476052165428
    },
    {
      "date": "2025-01-29",
      "quarter": "Q1 2025",
      "revenue": 1671914468.8753142,
      "earnings": 158931390.48066223,
      "eps_actual": 0.037243272199018095,
      "eps_estimate": 0.0374971723800178,
      "surprise_percent": -0.6771182062117458,
      "price_on_date": 4.284561101388185,
      "revenue_growth": -11.828439118067669,
      "earnings_growth": -14.994231017861084
    },
    {
      "date": "2024-10-31",
      "quarter": "Q4 2024",
      "revenue": 1588318745.4315484,
      "earnings": 150984820.9566291,
      "eps_actual": 0.035381108589067185,
      "eps_estimate": 0.035988065114851184,
      "surprise_percent": -1.6865494820212656,
      "price_on_date": 3.797493742903868,
      "revenue_growth": -10.351157976441833,
      "earnings_growth": -10.39238606074224
    },
    {
      "date": "2024-08-02",
      "quarter": "Q3 2024",
      "revenue": 1508902808.159971,
      "earnings": 143435579.90879765,
      "eps_actual": 0.03361205315961383,
      "eps_estimate": 0.03395873136491415,
      "surprise_percent": -1.0208809085798363,
      "price_on_date": 3.4218719338572035,
      "revenue_growth": -11.817136079074668,
      "earnings_growth": -14.156091908986854
    },
    {
      "date": "2024-05-04",
      "quarter": "Q2 2024",
      "revenue": 1433457667.7519722,
      "earnings": 136263800.91335773,
      "eps_actual": 0.03193145050163313,
      "eps_estimate": 0.030348345522121976,
      "surprise_percent": 5.21644574778277,
      "price_on_date": 3.7433793880080763,
      "revenue_growth": -12.355538717148299,
      "earnings_growth": -15.397861817374551
    },
    {
      "date": "2024-02-04",
      "quarter": "Q1 2024",
      "revenue": 1361784784.3643737,
      "earnings": 129450610.86768986,
      "eps_actual": 0.030334877976551478,
      "eps_estimate": 0.028828933747499817,
      "surprise_percent": 5.223725033473582,
      "price_on_date": 3.09258359899524,
      "revenue_growth": -12.894250716765328,
      "earnings_growth": -14.941283535949305
    },
    {
      "date": "2023-11-06",
      "quarter": "Q4 2023",
      "revenue": 1293695545.1461549,
      "earnings": 122978080.32430536,
      "eps_actual": 0.0288181340777239,
      "eps_estimate": 0.029121547683341777,
      "surprise_percent": -1.041886952290786,
      "price_on_date": 2.9509044852465793,
      "revenue_growth": -11.599924628121878,
      "earnings_growth": -15.362204491881856
    }
  ],
  "metrics": {
    "revenue_trend": [
      {
        "date": "2025-07-28",
        "value": 1852536807.6180768
      },
      {
        "date": "2025-04-29",
        "value": 1759909967.2371728
      },
      {
        "date": "2025-01-29",
        "value": 1671914468.8753142
      },
      {
        "date": "2024-10-31",
        "value": 1588318745.4315484
      },
      {
        "date": "2024-08-02",
        "value": 1508902808.159971
      },
      {
        "date": "2024-05-04",
        "value": 1433457667.7519722
      },
      {
        "date": "2024-02-04",
        "value": 1361784784.3643737
      },
      {
        "date": "2023-11-06",
        "value": 1293695545.1461549
      }
    ],
    "eps_trend": [
      {
        "date": "2025-07-28",
        "value": 0.04126678360002005
      },
      {
        "date": "2025-04-29",
        "value": 0.039203444420019044
      },
      {
        "date": "2025-01-29",
        "value": 0.037243272199018095
      },
      {
        "date": "2024-10-31",
        "value": 0.035381108589067185
      },
      {
        "date": "2024-08-02",
        "value": 0.03361205315961383
      },
      {
        "date": "2024-05-04",
        "value": 0.03193145050163313
      },
      {
        "date": "2024-02-04",
        "value": 0.030334877976551478
      },
      {
        "date": "2023-11-06",
        "value": 0.0288181340777239
      }
    ],
    "earnings_dates": [
      "2025-07-28",
      "2025-04-29",
      "2025-01-29",
      "2024-10-31",
      "2024-08-02",
      "2024-05-04",
      "2024-02-04",
      "2023-11-06"
    ]
  },
  "analysis": {
    "avg_revenue_growth": -11.809649057601922,
    "avg_earnings_surprise": -0.696104248831175,
    "consistency_score": 89,
    "trend_direction": "declining"
  }
}