{
  "ticker": "HIG",
  "quarters": [
    {
      "date": "2025-07-28",
      "quarter": "Q3 2025",
      "revenue": 49425130.852141805,
      "earnings": 1273115.3634218327,
      "eps_actual": 0.0005962151396620295,
      "eps_estimate": 0.0006032741640859758,
      "surprise_percent": -1.1701188023925155,
      "price_on_date": 0.6297750082002178,
      "revenue_growth": 45.40925261745658,
      "earnings_growth": 42.67021711603925
    },
    {
      "date": "2025-04-29",
      "quarter": "Q2 2025",
      "revenue": 46953874.30953471,
      "earnings": 1209459.595250741,
      "eps_actual": 0.0005664043826789281,
      "eps_estimate": 0.000544160330021931,
      "surprise_percent": 4.087775501036723,
      "price_on_date": 0.5463134764286965,
      "revenue_growth": 43.54420644910753,
      "earnings_growth": 53.06754005213414
    },
    {
      "date": "2025-01-29",
      "quarter": "Q1 2025",
      "revenue": 44606180.59405798,
      "earnings": 1148986.615488204,
      "eps_actual": 0.0005380841635449817,
      "eps_estimate": 0.0005306020302282978,
      "surprise_percent": 1.4101215016958473,
      "price_on_date": 0.5419452474338518,
      "revenue_growth": 50.87315372991737,
      "earnings_growth": 46.60977729992272
    },
    {
      "date": "2024-10-31",
      "quarter": "Q4 2024",
      "revenue": 42375871.564355075,
      "earnings": 1091537.2847137938,
      "eps_actual": 0.0005111799553677326,
      "eps_estimate": 0.0004972141311914172,
      "surprise_percent": 2.808814814424263,
      "price_on_date": 0.46647834227687496,
      "revenue_growth": 41.00294133688295,
      "earnings_growth": 45.271362353282726
    },
    {
      "date": "2024-08-02",
      "quarter": "Q3 2024",
      "revenue": 40257077.98613732,
      "earnings": 1036960.420478104,
      "eps_actual": 0.00048562095759934593,
      "eps_estimate": 0.0004625206998128614,
      "surprise_percent": 4.994426799888309,
      "price_on_date": 0.5150408350886568,
      "revenue_growth": 42.29195324583336,
      "earnings_growth": 36.51544947380068
    },
    {
      "date": "2024-05-04",
      "quarter": "Q2 2024",
      "revenue": 38244224.086830445,
      "earnings": 985112.3994541985,
      "eps_actual": 0.0004613399097193785,
      "eps_estimate": 0.0004458783221018031,
      "surprise_percent": 3.4676697321125207,
      "price_on_date": 0.45932795870668586,
      "revenue_growth": 36.1739689956703,
      "earnings_growth": 46.50186628297919
    },
    {
      "date": "2024-02-04",
      "quarter": "Q1 2024",
      "revenue": 36332012.88248893,
      "earnings": 935856.7794814887,
      "eps_actual": 0.00043827291423340965,
      "eps_estimate": 0.00043074155673603987,
      "surprise_percent": 1.7484631746328174,
      "price_on_date": 0.40858258982178874,
      "revenue_growth": 39.1414228473497,
      "earnings_growth": 35.403574728790865
    },
    {
      "date": "2023-11-06",
      "quarter": "Q4 2023",
      "revenue": 34515412.23836447,
      "earnings": 889063.9405074142,
      "eps_actual": 0.00041635926852173907,
      "eps_estimate": 0.00041070408913165975,
      "surprise_percent": 1.376947427534969,
      "price_on_date": 0.4495433985718691,
      "revenue_growth": 45.68120777852821,
      "earnings_growth": 52.34896826046319
    }
  ],
  "metrics": {
    "revenue_trend": [
      {
        "date": "2025-07-28",
        "value": 49425130.852141805
      },
      {
        "date": "2025-04-29",
        "value": 46953874.30953471
      },
      {
        "date": "2025-01-29",
        "value": 44606180.59405798
      },
      {
        "date": "2024-10-31",
        "value": 42375871.564355075
      },
      {
        "date": "2024-08-02",
        "value": 40257077.98613732
      },
      {
        "date": "2024-05-04",
        "value": 38244224.086830445
      },
      {
        "date": "2024-02-04",
        "value": 36332012.88248893
      },
      {
        "date": "2023-11-06",
        "value": 34515412.23836447
      }
    ],
    "eps_trend": [
      {
        "date": "2025-07-28",
        "value": 0.0005962151396620295
      },
      {
        "date": "2025-04-29",
        "value": 0.0005664043826789281
      },
      {
        "date": "2025-01-29",
        "value": 0.0005380841635449817
      },
      {
        "date": "2024-10-31",
        "value": 0.0005111799553677326
      },
      {
        "date": "2024-08-02",
        "value": 0.00048562095759934593
      },
      {
        "date": "2024-05-04",
        "value": 0.0004613399097193785
      },
      {
        "date": "2024-02-04",
        "value": 0.00043827291423340965
      },
      {
        "date": "2023-11-06",
        "value": 0.00041635926852173907
      }
    ],
    "earnings_dates": [
      "2025-07-28",
      "2025-04-29",
      "2025-01-29",
      "2024-10-31",
      "2024-08-02",
      "2024-05-04",
      "2024-02-04",
      "2023-11-06"
    ]
  },
  "analysis": {
    "avg_revenue_growth": 45.2073885333411,
    "avg_earnings_surprise": 1.7841482536910793,
    "consistency_score": 62,
    "trend_direction": "growing"
  }
}