{
  "ticker": "HII",
  "quarters": [
    {
      "date": "2025-07-28",
      "quarter": "Q3 2025",
      "revenue": 59862919.055500954,
      "earnings": 1497498.7014861212,
      "eps_actual": 0.00038168885793561164,
      "eps_estimate": 0.00037416788975901284,
      "surprise_percent": 2.010051739459194,
      "price_on_date": 0.4163261102222164,
      "revenue_growth": -22.673264081536395,
      "earnings_growth": -22.27974437218411
    },
    {
      "date": "2025-04-29",
      "quarter": "Q2 2025",
      "revenue": 56869773.1027259,
      "earnings": 1422623.7664118148,
      "eps_actual": 0.000362604415038831,
      "eps_estimate": 0.00035038132095740646,
      "surprise_percent": 3.488511901269531,
      "price_on_date": 0.4424308159365677,
      "revenue_growth": -15.665025229528489,
      "earnings_growth": -17.292407622618022
    },
    {
      "date": "2025-01-29",
      "quarter": "Q1 2025",
      "revenue": 54026284.447589606,
      "earnings": 1351492.5780912242,
      "eps_actual": 0.00034447419428688947,
      "eps_estimate": 0.00032811786238114436,
      "surprise_percent": 4.984895301660066,
      "price_on_date": 0.4396557692744555,
      "revenue_growth": -15.691381651410207,
      "earnings_growth": -17.93201419066558
    },
    {
      "date": "2024-10-31",
      "quarter": "Q4 2024",
      "revenue": 51324970.22521012,
      "earnings": 1283917.949186663,
      "eps_actual": 0.00032725048457254497,
      "eps_estimate": 0.00032170964173505354,
      "surprise_percent": 1.7223117117685365,
      "price_on_date": 0.41636608206353537,
      "revenue_growth": -16.256474056963157,
      "earnings_growth": -17.438687370404335
    },
    {
      "date": "2024-08-02",
      "quarter": "Q3 2024",
      "revenue": 48758721.71394961,
      "earnings": 1219722.0517273296,
      "eps_actual": 0.0003108879603439177,
      "eps_estimate": 0.00029534911071236347,
      "surprise_percent": 5.261180436289621,
      "price_on_date": 0.36782061814598505,
      "revenue_growth": -19.931401660453606,
      "earnings_growth": -17.098775917085014
    },
    {
      "date": "2024-05-04",
      "quarter": "Q2 2024",
      "revenue": 46320785.62825213,
      "earnings": 1158735.9491409631,
      "eps_actual": 0.0002953435623267218,
      "eps_estimate": 0.00029631293195826503,
      "surprise_percent": -0.32714388303503356,
      "price_on_date": 0.3257779144160523,
      "revenue_growth": -17.592950292203597,
      "earnings_growth": -14.896269468620545
    },
    {
      "date": "2024-02-04",
      "quarter": "Q1 2024",
      "revenue": 44004746.346839525,
      "earnings": 1100799.151683915,
      "eps_actual": 0.0002805763842103857,
      "eps_estimate": 0.00028272656606408923,
      "surprise_percent": -0.7605163828913406,
      "price_on_date": 0.3074142033920614,
      "revenue_growth": -17.097641172241048,
      "earnings_growth": -15.058652757635869
    },
    {
      "date": "2023-11-06",
      "quarter": "Q4 2023",
      "revenue": 41804509.02949754,
      "earnings": 1045759.194099719,
      "eps_actual": 0.0002665475649998664,
      "eps_estimate": 0.000270205703280191,
      "surprise_percent": -1.3538345919113648,
      "price_on_date": 0.3208270440642021,
      "revenue_growth": -21.076126293641074,
      "earnings_growth": -16.876442842049848
    }
  ],
  "metrics": {
    "revenue_trend": [
      {
        "date": "2025-07-28",
        "value": 59862919.055500954
      },
      {
        "date": "2025-04-29",
        "value": 56869773.1027259
      },
      {
        "date": "2025-01-29",
        "value": 54026284.447589606
      },
      {
        "date": "2024-10-31",
        "value": 51324970.22521012
      },
      {
        "date": "2024-08-02",
        "value": 48758721.71394961
      },
      {
        "date": "2024-05-04",
        "value": 46320785.62825213
      },
      {
        "date": "2024-02-04",
        "value": 44004746.346839525
      },
      {
        "date": "2023-11-06",
        "value": 41804509.02949754
      }
    ],
    "eps_trend": [
      {
        "date": "2025-07-28",
        "value": 0.00038168885793561164
      },
      {
        "date": "2025-04-29",
        "value": 0.000362604415038831
      },
      {
        "date": "2025-01-29",
        "value": 0.00034447419428688947
      },
      {
        "date": "2024-10-31",
        "value": 0.00032725048457254497
      },
      {
        "date": "2024-08-02",
        "value": 0.0003108879603439177
      },
      {
        "date": "2024-05-04",
        "value": 0.0002953435623267218
      },
      {
        "date": "2024-02-04",
        "value": 0.0002805763842103857
      },
      {
        "date": "2023-11-06",
        "value": 0.0002665475649998664
      }
    ],
    "earnings_dates": [
      "2025-07-28",
      "2025-04-29",
      "2025-01-29",
      "2024-10-31",
      "2024-08-02",
      "2024-05-04",
      "2024-02-04",
      "2023-11-06"
    ]
  },
  "analysis": {
    "avg_revenue_growth": -17.571536254859563,
    "avg_earnings_surprise": 3.0514426635393317,
    "consistency_score": 89,
    "trend_direction": "declining"
  }
}