{
  "ticker": "HIMS",
  "quarters": [
    {
      "date": "2025-07-28",
      "quarter": "Q3 2025",
      "revenue": 571999998.2163684,
      "earnings": 7063130.389188908,
      "eps_actual": 0.0054020242685581124,
      "eps_estimate": 0.005282511646104425,
      "surprise_percent": 2.262420425363783,
      "price_on_date": 39.80889169383387,
      "revenue_growth": 10.59759615133588,
      "earnings_growth": 13.57032097405436
    },
    {
      "date": "2025-04-29",
      "quarter": "Q2 2025",
      "revenue": 543399998.30555,
      "earnings": 6709973.869729462,
      "eps_actual": 0.005131923055130207,
      "eps_estimate": 0.005154431615175884,
      "surprise_percent": -0.4366836486763514,
      "price_on_date": 42.76282244311119,
      "revenue_growth": 9.816296079230554,
      "earnings_growth": 14.739781943137084
    },
    {
      "date": "2025-01-29",
      "quarter": "Q1 2025",
      "revenue": 516229998.3902725,
      "earnings": 6374475.1762429895,
      "eps_actual": 0.004875326902373697,
      "eps_estimate": 0.0049154374060408935,
      "surprise_percent": -0.8160108725604452,
      "price_on_date": 41.32668594654338,
      "revenue_growth": 13.435310036812284,
      "earnings_growth": 12.95038124486652
    },
    {
      "date": "2024-10-31",
      "quarter": "Q4 2024",
      "revenue": 490418498.4707588,
      "earnings": 6055751.417430839,
      "eps_actual": 0.004631560557255011,
      "eps_estimate": 0.004708572899090837,
      "surprise_percent": -1.6355771374102708,
      "price_on_date": 32.84350090850873,
      "revenue_growth": 11.644369653759309,
      "earnings_growth": 13.727508284276253
    },
    {
      "date": "2024-08-02",
      "quarter": "Q3 2024",
      "revenue": 465897573.5472209,
      "earnings": 5752963.846559297,
      "eps_actual": 0.004399982529392261,
      "eps_estimate": 0.004401204772616771,
      "surprise_percent": -0.02777065116610766,
      "price_on_date": 37.3078942791491,
      "revenue_growth": 12.450162074993829,
      "earnings_growth": 8.803490672936507
    },
    {
      "date": "2024-05-04",
      "quarter": "Q2 2024",
      "revenue": 442602694.86985976,
      "earnings": 5465315.654231331,
      "eps_actual": 0.004179983402922647,
      "eps_estimate": 0.004116773278405944,
      "surprise_percent": 1.5354288478373108,
      "price_on_date": 31.928490049849238,
      "revenue_growth": 12.762085446715055,
      "earnings_growth": 8.24565762075907
    },
    {
      "date": "2024-02-04",
      "quarter": "Q1 2024",
      "revenue": 420472560.1263668,
      "earnings": 5192049.871519765,
      "eps_actual": 0.0039709842327765145,
      "eps_estimate": 0.0039411934006045035,
      "surprise_percent": 0.7558835394234058,
      "price_on_date": 29.885134022143774,
      "revenue_growth": 13.270883230843346,
      "earnings_growth": 8.320331570025699
    },
    {
      "date": "2023-11-06",
      "quarter": "Q4 2023",
      "revenue": 399448932.1200484,
      "earnings": 4932447.377943777,
      "eps_actual": 0.0037724350211376886,
      "eps_estimate": 0.0036447142327141035,
      "surprise_percent": 3.5042744168306292,
      "price_on_date": 31.14634035388068,
      "revenue_growth": 9.675372491213967,
      "earnings_growth": 12.838798076231331
    }
  ],
  "metrics": {
    "revenue_trend": [
      {
        "date": "2025-07-28",
        "value": 571999998.2163684
      },
      {
        "date": "2025-04-29",
        "value": 543399998.30555
      },
      {
        "date": "2025-01-29",
        "value": 516229998.3902725
      },
      {
        "date": "2024-10-31",
        "value": 490418498.4707588
      },
      {
        "date": "2024-08-02",
        "value": 465897573.5472209
      },
      {
        "date": "2024-05-04",
        "value": 442602694.86985976
      },
      {
        "date": "2024-02-04",
        "value": 420472560.1263668
      },
      {
        "date": "2023-11-06",
        "value": 399448932.1200484
      }
    ],
    "eps_trend": [
      {
        "date": "2025-07-28",
        "value": 0.0054020242685581124
      },
      {
        "date": "2025-04-29",
        "value": 0.005131923055130207
      },
      {
        "date": "2025-01-29",
        "value": 0.004875326902373697
      },
      {
        "date": "2024-10-31",
        "value": 0.004631560557255011
      },
      {
        "date": "2024-08-02",
        "value": 0.004399982529392261
      },
      {
        "date": "2024-05-04",
        "value": 0.004179983402922647
      },
      {
        "date": "2024-02-04",
        "value": 0.0039709842327765145
      },
      {
        "date": "2023-11-06",
        "value": 0.0037724350211376886
      }
    ],
    "earnings_dates": [
      "2025-07-28",
      "2025-04-29",
      "2025-01-29",
      "2024-10-31",
      "2024-08-02",
      "2024-05-04",
      "2024-02-04",
      "2023-11-06"
    ]
  },
  "analysis": {
    "avg_revenue_growth": 11.373392980284507,
    "avg_earnings_surprise": -0.15646280832082116,
    "consistency_score": 76,
    "trend_direction": "growing"
  }
}