{
  "ticker": "HLT",
  "quarters": [
    {
      "date": "2025-07-28",
      "quarter": "Q3 2025",
      "revenue": 94844449.74899322,
      "earnings": 7784160.203972409,
      "eps_actual": 0.004248349447612308,
      "eps_estimate": 0.004257982427906451,
      "surprise_percent": -0.22623344406049556,
      "price_on_date": 0.8164662877515382,
      "revenue_growth": 28.938181213529862,
      "earnings_growth": 30.319437934140616
    },
    {
      "date": "2025-04-29",
      "quarter": "Q2 2025",
      "revenue": 90102227.26154356,
      "earnings": 7394952.193773788,
      "eps_actual": 0.004035931975231692,
      "eps_estimate": 0.0038638268408418414,
      "surprise_percent": 4.454266236018812,
      "price_on_date": 0.9345591485540602,
      "revenue_growth": 34.27613954270977,
      "earnings_growth": 25.60506436660623
    },
    {
      "date": "2025-01-29",
      "quarter": "Q1 2025",
      "revenue": 85597115.89846638,
      "earnings": 7025204.5840850985,
      "eps_actual": 0.0038341353764701075,
      "eps_estimate": 0.0038910545672291084,
      "surprise_percent": -1.4628217049018188,
      "price_on_date": 0.8679531267684445,
      "revenue_growth": 30.09730180273654,
      "earnings_growth": 40.15747281385442
    },
    {
      "date": "2024-10-31",
      "quarter": "Q4 2024",
      "revenue": 81317260.10354304,
      "earnings": 6673944.354880842,
      "eps_actual": 0.0036424286076466015,
      "eps_estimate": 0.0035659110456825118,
      "surprise_percent": 2.1458068074001653,
      "price_on_date": 0.8060275650197316,
      "revenue_growth": 26.58882536223791,
      "earnings_growth": 25.24611174392134
    },
    {
      "date": "2024-08-02",
      "quarter": "Q3 2024",
      "revenue": 77251397.0983659,
      "earnings": 6340247.137136801,
      "eps_actual": 0.0034603071772642715,
      "eps_estimate": 0.003482636918563781,
      "surprise_percent": -0.6411733930827918,
      "price_on_date": 0.7050139077183647,
      "revenue_growth": 32.54689065493299,
      "earnings_growth": 29.5179452136534
    },
    {
      "date": "2024-05-04",
      "quarter": "Q2 2024",
      "revenue": 73388827.24344759,
      "earnings": 6023234.78027996,
      "eps_actual": 0.0032872918184010573,
      "eps_estimate": 0.0031557245737838173,
      "surprise_percent": 4.169161203428049,
      "price_on_date": 0.6405116486466272,
      "revenue_growth": 34.541041154178465,
      "earnings_growth": 28.824588594001575
    },
    {
      "date": "2024-02-04",
      "quarter": "Q1 2024",
      "revenue": 69719385.8812752,
      "earnings": 5722073.041265962,
      "eps_actual": 0.0031229272274810047,
      "eps_estimate": 0.0030938182543170413,
      "surprise_percent": 0.9408753446762883,
      "price_on_date": 0.6657524279125859,
      "revenue_growth": 37.02442688158375,
      "earnings_growth": 24.326835297266154
    },
    {
      "date": "2023-11-06",
      "quarter": "Q4 2023",
      "revenue": 66233416.587211445,
      "earnings": 5435969.389202664,
      "eps_actual": 0.0029667808661069544,
      "eps_estimate": 0.0030224819699891698,
      "surprise_percent": -1.8428928422165223,
      "price_on_date": 0.609207181833402,
      "revenue_growth": 31.63443584661403,
      "earnings_growth": 38.77321295853117
    }
  ],
  "metrics": {
    "revenue_trend": [
      {
        "date": "2025-07-28",
        "value": 94844449.74899322
      },
      {
        "date": "2025-04-29",
        "value": 90102227.26154356
      },
      {
        "date": "2025-01-29",
        "value": 85597115.89846638
      },
      {
        "date": "2024-10-31",
        "value": 81317260.10354304
      },
      {
        "date": "2024-08-02",
        "value": 77251397.0983659
      },
      {
        "date": "2024-05-04",
        "value": 73388827.24344759
      },
      {
        "date": "2024-02-04",
        "value": 69719385.8812752
      },
      {
        "date": "2023-11-06",
        "value": 66233416.587211445
      }
    ],
    "eps_trend": [
      {
        "date": "2025-07-28",
        "value": 0.004248349447612308
      },
      {
        "date": "2025-04-29",
        "value": 0.004035931975231692
      },
      {
        "date": "2025-01-29",
        "value": 0.0038341353764701075
      },
      {
        "date": "2024-10-31",
        "value": 0.0036424286076466015
      },
      {
        "date": "2024-08-02",
        "value": 0.0034603071772642715
      },
      {
        "date": "2024-05-04",
        "value": 0.0032872918184010573
      },
      {
        "date": "2024-02-04",
        "value": 0.0031229272274810047
      },
      {
        "date": "2023-11-06",
        "value": 0.0029667808661069544
      }
    ],
    "earnings_dates": [
      "2025-07-28",
      "2025-04-29",
      "2025-01-29",
      "2024-10-31",
      "2024-08-02",
      "2024-05-04",
      "2024-02-04",
      "2023-11-06"
    ]
  },
  "analysis": {
    "avg_revenue_growth": 29.97511198030352,
    "avg_earnings_surprise": 1.2277544736141657,
    "consistency_score": 88,
    "trend_direction": "growing"
  }
}