{
  "ticker": "HOLX",
  "quarters": [
    {
      "date": "2025-07-28",
      "quarter": "Q3 2025",
      "revenue": 124195728.41855341,
      "earnings": 9500449.91307133,
      "eps_actual": 0.0019004077310985914,
      "eps_estimate": 0.001929686316982865,
      "surprise_percent": -1.5172717776250666,
      "price_on_date": 0.29845714346566077,
      "revenue_growth": 34.66134399625894,
      "earnings_growth": 40.879046983360624
    },
    {
      "date": "2025-04-29",
      "quarter": "Q2 2025",
      "revenue": 117985941.99762574,
      "earnings": 9025427.417417765,
      "eps_actual": 0.001805387344543662,
      "eps_estimate": 0.0018390952979317103,
      "surprise_percent": -1.832855177540673,
      "price_on_date": 0.3104597677171555,
      "revenue_growth": 38.32637357680426,
      "earnings_growth": 38.76288292867147
    },
    {
      "date": "2025-01-29",
      "quarter": "Q1 2025",
      "revenue": 112086644.89774445,
      "earnings": 8574156.046546876,
      "eps_actual": 0.0017151179773164788,
      "eps_estimate": 0.0016509761076821566,
      "surprise_percent": 3.8850876966579766,
      "price_on_date": 0.29406997209801616,
      "revenue_growth": 36.25944875622478,
      "earnings_growth": 34.09157535094945
    },
    {
      "date": "2024-10-31",
      "quarter": "Q4 2024",
      "revenue": 106482312.65285721,
      "earnings": 8145448.244219531,
      "eps_actual": 0.0016293620784506547,
      "eps_estimate": 0.0015808866640025186,
      "surprise_percent": 3.0663434357403636,
      "price_on_date": 0.26394445796114785,
      "revenue_growth": 35.161754498314245,
      "earnings_growth": 38.00688615672581
    },
    {
      "date": "2024-08-02",
      "quarter": "Q3 2024",
      "revenue": 101158197.02021435,
      "earnings": 7738175.832008555,
      "eps_actual": 0.0015478939745281219,
      "eps_estimate": 0.0015498602741869255,
      "surprise_percent": -0.12686947923967665,
      "price_on_date": 0.25608493705956864,
      "revenue_growth": 34.00891505175908,
      "earnings_growth": 39.122645310917484
    },
    {
      "date": "2024-05-04",
      "quarter": "Q2 2024",
      "revenue": 96100287.16920362,
      "earnings": 7351267.040408126,
      "eps_actual": 0.0014704992758017156,
      "eps_estimate": 0.0014218381388930042,
      "surprise_percent": 3.4224104402345876,
      "price_on_date": 0.2414839132638332,
      "revenue_growth": 40.50684160493883,
      "earnings_growth": 26.51061080302554
    },
    {
      "date": "2024-02-04",
      "quarter": "Q1 2024",
      "revenue": 91295272.81074345,
      "earnings": 6983703.68838772,
      "eps_actual": 0.00139697431201163,
      "eps_estimate": 0.0014041141269183575,
      "surprise_percent": -0.5084924914470802,
      "price_on_date": 0.2540569852514157,
      "revenue_growth": 36.51526189751831,
      "earnings_growth": 27.23245585475669
    },
    {
      "date": "2023-11-06",
      "quarter": "Q4 2023",
      "revenue": 86730509.17020626,
      "earnings": 6634518.503968333,
      "eps_actual": 0.0013271255964110481,
      "eps_estimate": 0.0012872385326037007,
      "surprise_percent": 3.0986536525338244,
      "price_on_date": 0.227933136138205,
      "revenue_growth": 36.55319368329939,
      "earnings_growth": 44.15147763890154
    }
  ],
  "metrics": {
    "revenue_trend": [
      {
        "date": "2025-07-28",
        "value": 124195728.41855341
      },
      {
        "date": "2025-04-29",
        "value": 117985941.99762574
      },
      {
        "date": "2025-01-29",
        "value": 112086644.89774445
      },
      {
        "date": "2024-10-31",
        "value": 106482312.65285721
      },
      {
        "date": "2024-08-02",
        "value": 101158197.02021435
      },
      {
        "date": "2024-05-04",
        "value": 96100287.16920362
      },
      {
        "date": "2024-02-04",
        "value": 91295272.81074345
      },
      {
        "date": "2023-11-06",
        "value": 86730509.17020626
      }
    ],
    "eps_trend": [
      {
        "date": "2025-07-28",
        "value": 0.0019004077310985914
      },
      {
        "date": "2025-04-29",
        "value": 0.001805387344543662
      },
      {
        "date": "2025-01-29",
        "value": 0.0017151179773164788
      },
      {
        "date": "2024-10-31",
        "value": 0.0016293620784506547
      },
      {
        "date": "2024-08-02",
        "value": 0.0015478939745281219
      },
      {
        "date": "2024-05-04",
        "value": 0.0014704992758017156
      },
      {
        "date": "2024-02-04",
        "value": 0.00139697431201163
      },
      {
        "date": "2023-11-06",
        "value": 0.0013271255964110481
      }
    ],
    "earnings_dates": [
      "2025-07-28",
      "2025-04-29",
      "2025-01-29",
      "2024-10-31",
      "2024-08-02",
      "2024-05-04",
      "2024-02-04",
      "2023-11-06"
    ]
  },
  "analysis": {
    "avg_revenue_growth": 36.10223020690056,
    "avg_earnings_surprise": 0.9003260443081501,
    "consistency_score": 62,
    "trend_direction": "growing"
  }
}