{
  "ticker": "HON",
  "quarters": [
    {
      "date": "2025-07-28",
      "quarter": "Q3 2025",
      "revenue": 79249448.19141257,
      "earnings": 4754778.290294408,
      "eps_actual": 0.0011023117035549495,
      "eps_estimate": 0.0010668528514118246,
      "surprise_percent": 3.323687244796716,
      "price_on_date": 0.09017667375695214,
      "revenue_growth": -2.783925933983135,
      "earnings_growth": -2.5644883148989144
    },
    {
      "date": "2025-04-29",
      "quarter": "Q2 2025",
      "revenue": 75286975.78184193,
      "earnings": 4517039.375779687,
      "eps_actual": 0.001047196118377202,
      "eps_estimate": 0.0010445678138352877,
      "surprise_percent": 0.2516164587020926,
      "price_on_date": 0.08193354881992602,
      "revenue_growth": -3.523225365831794,
      "earnings_growth": -3.4375873139619264
    },
    {
      "date": "2025-01-29",
      "quarter": "Q1 2025",
      "revenue": 71522626.99274984,
      "earnings": 4291187.406990703,
      "eps_actual": 0.0009948363124583418,
      "eps_estimate": 0.0009536256492057736,
      "surprise_percent": 4.321471773215249,
      "price_on_date": 0.08061124926412942,
      "revenue_growth": -2.687566141461119,
      "earnings_growth": -3.174277882644725
    },
    {
      "date": "2024-10-31",
      "quarter": "Q4 2024",
      "revenue": 67946495.64311235,
      "earnings": 4076628.036641168,
      "eps_actual": 0.0009450944968354247,
      "eps_estimate": 0.0009471466990566534,
      "surprise_percent": -0.21667205547700932,
      "price_on_date": 0.07678584870302566,
      "revenue_growth": -3.459752611371941,
      "earnings_growth": -4.037063205578575
    },
    {
      "date": "2024-08-02",
      "quarter": "Q3 2024",
      "revenue": 64549170.86095672,
      "earnings": 3872796.634809109,
      "eps_actual": 0.0008978397719936534,
      "eps_estimate": 0.0009096320758854176,
      "surprise_percent": -1.2963817134840858,
      "price_on_date": 0.07056125252776553,
      "revenue_growth": -2.5822826481060486,
      "earnings_growth": -2.526392266816205
    },
    {
      "date": "2024-05-04",
      "quarter": "Q2 2024",
      "revenue": 61321712.317908876,
      "earnings": 3679156.803068653,
      "eps_actual": 0.0008529477833939706,
      "eps_estimate": 0.0008177863032504704,
      "surprise_percent": 4.299592693561043,
      "price_on_date": 0.07816384787900604,
      "revenue_growth": -3.409427639014806,
      "earnings_growth": -2.855195182962733
    },
    {
      "date": "2024-02-04",
      "quarter": "Q1 2024",
      "revenue": 58255626.70201343,
      "earnings": 3495198.9629152203,
      "eps_actual": 0.0008103003942242721,
      "eps_estimate": 0.0008170421630621566,
      "surprise_percent": -0.8251433209538831,
      "price_on_date": 0.06904816698967314,
      "revenue_growth": -3.3754131224416417,
      "earnings_growth": -3.9505470501211617
    },
    {
      "date": "2023-11-06",
      "quarter": "Q4 2023",
      "revenue": 55342845.36691276,
      "earnings": 3320439.014769459,
      "eps_actual": 0.0007697853745130584,
      "eps_estimate": 0.000782819727063552,
      "surprise_percent": -1.6650516204269574,
      "price_on_date": 0.06928186527888384,
      "revenue_growth": -2.744148698942565,
      "earnings_growth": -4.051517653940939
    }
  ],
  "metrics": {
    "revenue_trend": [
      {
        "date": "2025-07-28",
        "value": 79249448.19141257
      },
      {
        "date": "2025-04-29",
        "value": 75286975.78184193
      },
      {
        "date": "2025-01-29",
        "value": 71522626.99274984
      },
      {
        "date": "2024-10-31",
        "value": 67946495.64311235
      },
      {
        "date": "2024-08-02",
        "value": 64549170.86095672
      },
      {
        "date": "2024-05-04",
        "value": 61321712.317908876
      },
      {
        "date": "2024-02-04",
        "value": 58255626.70201343
      },
      {
        "date": "2023-11-06",
        "value": 55342845.36691276
      }
    ],
    "eps_trend": [
      {
        "date": "2025-07-28",
        "value": 0.0011023117035549495
      },
      {
        "date": "2025-04-29",
        "value": 0.001047196118377202
      },
      {
        "date": "2025-01-29",
        "value": 0.0009948363124583418
      },
      {
        "date": "2024-10-31",
        "value": 0.0009450944968354247
      },
      {
        "date": "2024-08-02",
        "value": 0.0008978397719936534
      },
      {
        "date": "2024-05-04",
        "value": 0.0008529477833939706
      },
      {
        "date": "2024-02-04",
        "value": 0.0008103003942242721
      },
      {
        "date": "2023-11-06",
        "value": 0.0007697853745130584
      }
    ],
    "earnings_dates": [
      "2025-07-28",
      "2025-04-29",
      "2025-01-29",
      "2024-10-31",
      "2024-08-02",
      "2024-05-04",
      "2024-02-04",
      "2023-11-06"
    ]
  },
  "analysis": {
    "avg_revenue_growth": -3.1136175131619974,
    "avg_earnings_surprise": 1.920025855309262,
    "consistency_score": 79,
    "trend_direction": "stable"
  }
}