{
  "ticker": "HOOD",
  "quarters": [
    {
      "date": "2025-07-28",
      "quarter": "Q3 2025",
      "revenue": 1498452977.4384072,
      "earnings": 350907785.57009244,
      "eps_actual": 0.07495371539897402,
      "eps_estimate": 0.07521710800152157,
      "surprise_percent": -0.35017645525830726,
      "price_on_date": 3.231911718199414,
      "revenue_growth": 34.05643663423717,
      "earnings_growth": 30.012300307853636
    },
    {
      "date": "2025-04-29",
      "quarter": "Q2 2025",
      "revenue": 1423530328.5664868,
      "earnings": 333362396.2915878,
      "eps_actual": 0.07120602962902532,
      "eps_estimate": 0.06779099328378821,
      "surprise_percent": 5.037595969336236,
      "price_on_date": 2.7842588279538307,
      "revenue_growth": 35.03963051522742,
      "earnings_growth": 35.61309189977504
    },
    {
      "date": "2025-01-29",
      "quarter": "Q1 2025",
      "revenue": 1352353812.1381624,
      "earnings": 316694276.4770084,
      "eps_actual": 0.06764572814757405,
      "eps_estimate": 0.06429356493913702,
      "surprise_percent": 5.2138393812978565,
      "price_on_date": 3.0540716519352866,
      "revenue_growth": 30.439675645916456,
      "earnings_growth": 29.1893612348707
    },
    {
      "date": "2024-10-31",
      "quarter": "Q4 2024",
      "revenue": 1284736121.5312543,
      "earnings": 300859562.653158,
      "eps_actual": 0.06426344174019535,
      "eps_estimate": 0.06129004980769299,
      "surprise_percent": 4.851345270287498,
      "price_on_date": 2.5835162878526052,
      "revenue_growth": 24.494485201407567,
      "earnings_growth": 27.294486013395375
    },
    {
      "date": "2024-08-02",
      "quarter": "Q3 2024",
      "revenue": 1220499315.4546914,
      "earnings": 285816584.52050006,
      "eps_actual": 0.06105026965318558,
      "eps_estimate": 0.05962891099021799,
      "surprise_percent": 2.3836736901010305,
      "price_on_date": 2.7664235470656635,
      "revenue_growth": 32.886103822472,
      "earnings_growth": 31.95228353327069
    },
    {
      "date": "2024-05-04",
      "quarter": "Q2 2024",
      "revenue": 1159474349.6819568,
      "earnings": 271525755.294475,
      "eps_actual": 0.05799775617052629,
      "eps_estimate": 0.05711756852765147,
      "surprise_percent": 1.5410103503420465,
      "price_on_date": 2.16324202363647,
      "revenue_growth": 32.266050901266794,
      "earnings_growth": 30.024453579462325
    },
    {
      "date": "2024-02-04",
      "quarter": "Q1 2024",
      "revenue": 1101500632.1978588,
      "earnings": 257949467.52975127,
      "eps_actual": 0.05509786836199997,
      "eps_estimate": 0.055138687135780406,
      "surprise_percent": -0.07402928125567503,
      "price_on_date": 2.178485679297787,
      "revenue_growth": 30.02741015384772,
      "earnings_growth": 28.473121200545023
    },
    {
      "date": "2023-11-06",
      "quarter": "Q4 2023",
      "revenue": 1046425600.5879658,
      "earnings": 245051994.1532637,
      "eps_actual": 0.05234297494389997,
      "eps_estimate": 0.052110855020771875,
      "surprise_percent": 0.44543487731216935,
      "price_on_date": 2.296097696234529,
      "revenue_growth": 30.74002252201158,
      "earnings_growth": 24.652506292045018
    }
  ],
  "metrics": {
    "revenue_trend": [
      {
        "date": "2025-07-28",
        "value": 1498452977.4384072
      },
      {
        "date": "2025-04-29",
        "value": 1423530328.5664868
      },
      {
        "date": "2025-01-29",
        "value": 1352353812.1381624
      },
      {
        "date": "2024-10-31",
        "value": 1284736121.5312543
      },
      {
        "date": "2024-08-02",
        "value": 1220499315.4546914
      },
      {
        "date": "2024-05-04",
        "value": 1159474349.6819568
      },
      {
        "date": "2024-02-04",
        "value": 1101500632.1978588
      },
      {
        "date": "2023-11-06",
        "value": 1046425600.5879658
      }
    ],
    "eps_trend": [
      {
        "date": "2025-07-28",
        "value": 0.07495371539897402
      },
      {
        "date": "2025-04-29",
        "value": 0.07120602962902532
      },
      {
        "date": "2025-01-29",
        "value": 0.06764572814757405
      },
      {
        "date": "2024-10-31",
        "value": 0.06426344174019535
      },
      {
        "date": "2024-08-02",
        "value": 0.06105026965318558
      },
      {
        "date": "2024-05-04",
        "value": 0.05799775617052629
      },
      {
        "date": "2024-02-04",
        "value": 0.05509786836199997
      },
      {
        "date": "2023-11-06",
        "value": 0.05234297494389997
      }
    ],
    "earnings_dates": [
      "2025-07-28",
      "2025-04-29",
      "2025-01-29",
      "2024-10-31",
      "2024-08-02",
      "2024-05-04",
      "2024-02-04",
      "2023-11-06"
    ]
  },
  "analysis": {
    "avg_revenue_growth": 31.007556999197156,
    "avg_earnings_surprise": 3.6881510414158214,
    "consistency_score": 86,
    "trend_direction": "growing"
  }
}