{
  "ticker": "HPE",
  "quarters": [
    {
      "date": "2025-07-28",
      "quarter": "Q3 2025",
      "revenue": 74438636.14727432,
      "earnings": 7663625.353133451,
      "eps_actual": 0.00332774617589099,
      "eps_estimate": 0.003227669675542632,
      "surprise_percent": 3.1005806172384482,
      "price_on_date": 0.14583639001401885,
      "revenue_growth": -16.720875332157203,
      "earnings_growth": -18.081031710825858
    },
    {
      "date": "2025-04-29",
      "quarter": "Q2 2025",
      "revenue": 70716704.3399106,
      "earnings": 7280444.085476778,
      "eps_actual": 0.0031613588670964406,
      "eps_estimate": 0.003128788546606899,
      "surprise_percent": 1.0409882292896835,
      "price_on_date": 0.13440604717638466,
      "revenue_growth": -18.052283673375193,
      "earnings_growth": -16.81886867908238
    },
    {
      "date": "2025-01-29",
      "quarter": "Q1 2025",
      "revenue": 67180869.12291507,
      "earnings": 6916421.88120294,
      "eps_actual": 0.003003290923741619,
      "eps_estimate": 0.002929784499124735,
      "surprise_percent": 2.5089362251334077,
      "price_on_date": 0.12571758849026057,
      "revenue_growth": -17.854878421965985,
      "earnings_growth": -15.719053984387694
    },
    {
      "date": "2024-10-31",
      "quarter": "Q4 2024",
      "revenue": 63821825.66676931,
      "earnings": 6570600.787142792,
      "eps_actual": 0.002853126377554537,
      "eps_estimate": 0.0028032795435601696,
      "surprise_percent": 1.7781613720571736,
      "price_on_date": 0.11690300072812,
      "revenue_growth": -16.283536279109704,
      "earnings_growth": -18.37820012578491
    },
    {
      "date": "2024-08-02",
      "quarter": "Q3 2024",
      "revenue": 60630734.38343084,
      "earnings": 6242070.747785652,
      "eps_actual": 0.0027104700586768104,
      "eps_estimate": 0.002737385315713903,
      "surprise_percent": -0.9832469284680633,
      "price_on_date": 0.11233692849010556,
      "revenue_growth": -18.7213036160604,
      "earnings_growth": -19.86151073084202
    },
    {
      "date": "2024-05-04",
      "quarter": "Q2 2024",
      "revenue": 57599197.66425929,
      "earnings": 5929967.210396369,
      "eps_actual": 0.0025749465557429697,
      "eps_estimate": 0.0024748178502943933,
      "surprise_percent": 4.0459020221090425,
      "price_on_date": 0.11417871754699895,
      "revenue_growth": -14.481527959159052,
      "earnings_growth": -11.227496709661521
    },
    {
      "date": "2024-02-04",
      "quarter": "Q1 2024",
      "revenue": 54719237.78104633,
      "earnings": 5633468.849876551,
      "eps_actual": 0.0024461992279558213,
      "eps_estimate": 0.0023243495962719314,
      "surprise_percent": 5.242310876097419,
      "price_on_date": 0.09762421370810752,
      "revenue_growth": -13.813512467177743,
      "earnings_growth": -14.452794530885651
    },
    {
      "date": "2023-11-06",
      "quarter": "Q4 2023",
      "revenue": 51983275.89199401,
      "earnings": 5351795.407382722,
      "eps_actual": 0.0023238892665580295,
      "eps_estimate": 0.0022458632128426422,
      "surprise_percent": 3.4742121990870443,
      "price_on_date": 0.0987072344532929,
      "revenue_growth": -14.776844161784872,
      "earnings_growth": -15.199871837528967
    }
  ],
  "metrics": {
    "revenue_trend": [
      {
        "date": "2025-07-28",
        "value": 74438636.14727432
      },
      {
        "date": "2025-04-29",
        "value": 70716704.3399106
      },
      {
        "date": "2025-01-29",
        "value": 67180869.12291507
      },
      {
        "date": "2024-10-31",
        "value": 63821825.66676931
      },
      {
        "date": "2024-08-02",
        "value": 60630734.38343084
      },
      {
        "date": "2024-05-04",
        "value": 57599197.66425929
      },
      {
        "date": "2024-02-04",
        "value": 54719237.78104633
      },
      {
        "date": "2023-11-06",
        "value": 51983275.89199401
      }
    ],
    "eps_trend": [
      {
        "date": "2025-07-28",
        "value": 0.00332774617589099
      },
      {
        "date": "2025-04-29",
        "value": 0.0031613588670964406
      },
      {
        "date": "2025-01-29",
        "value": 0.003003290923741619
      },
      {
        "date": "2024-10-31",
        "value": 0.002853126377554537
      },
      {
        "date": "2024-08-02",
        "value": 0.0027104700586768104
      },
      {
        "date": "2024-05-04",
        "value": 0.0025749465557429697
      },
      {
        "date": "2024-02-04",
        "value": 0.0024461992279558213
      },
      {
        "date": "2023-11-06",
        "value": 0.0023238892665580295
      }
    ],
    "earnings_dates": [
      "2025-07-28",
      "2025-04-29",
      "2025-01-29",
      "2024-10-31",
      "2024-08-02",
      "2024-05-04",
      "2024-02-04",
      "2023-11-06"
    ]
  },
  "analysis": {
    "avg_revenue_growth": -17.22789342665202,
    "avg_earnings_surprise": 2.1071666109296783,
    "consistency_score": 91,
    "trend_direction": "declining"
  }
}