{
  "ticker": "HPQ",
  "quarters": [
    {
      "date": "2025-07-28",
      "quarter": "Q3 2025",
      "revenue": 34061365.772190176,
      "earnings": 1274369.3815431928,
      "eps_actual": 0.000589527873352359,
      "eps_estimate": 0.0005752683524714077,
      "surprise_percent": 2.4787598378549833,
      "price_on_date": 0.6095762751402503,
      "revenue_growth": 6.613346706182634,
      "earnings_growth": 7.388872193049311
    },
    {
      "date": "2025-04-29",
      "quarter": "Q2 2025",
      "revenue": 32358297.483580664,
      "earnings": 1210650.912466033,
      "eps_actual": 0.0005600514796847409,
      "eps_estimate": 0.0005589521075950285,
      "surprise_percent": 0.1966844877717004,
      "price_on_date": 0.5540980855276296,
      "revenue_growth": 6.716299313285432,
      "earnings_growth": 6.464153266048885
    },
    {
      "date": "2025-01-29",
      "quarter": "Q1 2025",
      "revenue": 30740382.609401632,
      "earnings": 1150118.3668427314,
      "eps_actual": 0.0005320489057005039,
      "eps_estimate": 0.000529623898801816,
      "surprise_percent": 0.45787338981002873,
      "price_on_date": 0.5044762584817218,
      "revenue_growth": 5.9422382697924325,
      "earnings_growth": 6.903858095882085
    },
    {
      "date": "2024-10-31",
      "quarter": "Q4 2024",
      "revenue": 29203363.47893155,
      "earnings": 1092612.4485005948,
      "eps_actual": 0.0005054464604154787,
      "eps_estimate": 0.0005149291226681575,
      "surprise_percent": -1.8415470858481313,
      "price_on_date": 0.5225944584605862,
      "revenue_growth": 6.832520561245587,
      "earnings_growth": 6.298521438964057
    },
    {
      "date": "2024-08-02",
      "quarter": "Q3 2024",
      "revenue": 27743195.304984972,
      "earnings": 1037981.826075565,
      "eps_actual": 0.00048017413739470476,
      "eps_estimate": 0.00046979726407653667,
      "surprise_percent": 2.2087981586196617,
      "price_on_date": 0.4853908249952081,
      "revenue_growth": 6.544277467398014,
      "earnings_growth": 6.6133462830478695
    },
    {
      "date": "2024-05-04",
      "quarter": "Q2 2024",
      "revenue": 26356035.53973572,
      "earnings": 986082.7347717866,
      "eps_actual": 0.0004561654305249695,
      "eps_estimate": 0.00043555793331233035,
      "surprise_percent": 4.731287306816631,
      "price_on_date": 0.42230801762457243,
      "revenue_growth": 6.500647255825301,
      "earnings_growth": 6.605295738108275
    },
    {
      "date": "2024-02-04",
      "quarter": "Q1 2024",
      "revenue": 25038233.762748934,
      "earnings": 936778.5980331973,
      "eps_actual": 0.00043335715899872103,
      "eps_estimate": 0.00042420712357549317,
      "surprise_percent": 2.1569735430431765,
      "price_on_date": 0.4156198292094495,
      "revenue_growth": 7.3247469311795,
      "earnings_growth": 6.237124051256443
    },
    {
      "date": "2023-11-06",
      "quarter": "Q4 2023",
      "revenue": 23786322.074611485,
      "earnings": 889939.6681315374,
      "eps_actual": 0.00041168930104878494,
      "eps_estimate": 0.00041910946147600154,
      "surprise_percent": -1.7704588202529723,
      "price_on_date": 0.3614668953010849,
      "revenue_growth": 5.466527698228188,
      "earnings_growth": 5.460658284523216
    }
  ],
  "metrics": {
    "revenue_trend": [
      {
        "date": "2025-07-28",
        "value": 34061365.772190176
      },
      {
        "date": "2025-04-29",
        "value": 32358297.483580664
      },
      {
        "date": "2025-01-29",
        "value": 30740382.609401632
      },
      {
        "date": "2024-10-31",
        "value": 29203363.47893155
      },
      {
        "date": "2024-08-02",
        "value": 27743195.304984972
      },
      {
        "date": "2024-05-04",
        "value": 26356035.53973572
      },
      {
        "date": "2024-02-04",
        "value": 25038233.762748934
      },
      {
        "date": "2023-11-06",
        "value": 23786322.074611485
      }
    ],
    "eps_trend": [
      {
        "date": "2025-07-28",
        "value": 0.000589527873352359
      },
      {
        "date": "2025-04-29",
        "value": 0.0005600514796847409
      },
      {
        "date": "2025-01-29",
        "value": 0.0005320489057005039
      },
      {
        "date": "2024-10-31",
        "value": 0.0005054464604154787
      },
      {
        "date": "2024-08-02",
        "value": 0.00048017413739470476
      },
      {
        "date": "2024-05-04",
        "value": 0.0004561654305249695
      },
      {
        "date": "2024-02-04",
        "value": 0.00043335715899872103
      },
      {
        "date": "2023-11-06",
        "value": 0.00041168930104878494
      }
    ],
    "earnings_dates": [
      "2025-07-28",
      "2025-04-29",
      "2025-01-29",
      "2024-10-31",
      "2024-08-02",
      "2024-05-04",
      "2024-02-04",
      "2023-11-06"
    ]
  },
  "analysis": {
    "avg_revenue_growth": 6.526101212626521,
    "avg_earnings_surprise": 0.3229426573971453,
    "consistency_score": 78,
    "trend_direction": "growing"
  }
}