{
  "ticker": "HRL",
  "quarters": [
    {
      "date": "2025-07-28",
      "quarter": "Q3 2025",
      "revenue": 58309397.131839685,
      "earnings": 2946422.939491362,
      "eps_actual": 0.003270854816990959,
      "eps_estimate": 0.00312127999025333,
      "surprise_percent": 4.792098985182326,
      "price_on_date": 0.3348307262261265,
      "revenue_growth": 14.818160495915892,
      "earnings_growth": 14.809512030119993
    },
    {
      "date": "2025-04-29",
      "quarter": "Q2 2025",
      "revenue": 55393927.2752477,
      "earnings": 2799101.7925167936,
      "eps_actual": 0.003107312076141411,
      "eps_estimate": 0.0030170246138055638,
      "surprise_percent": 2.992599461161238,
      "price_on_date": 0.36120306529030216,
      "revenue_growth": 14.127391435696353,
      "earnings_growth": 17.884962947236797
    },
    {
      "date": "2025-01-29",
      "quarter": "Q1 2025",
      "revenue": 52624230.911485314,
      "earnings": 2659146.702890954,
      "eps_actual": 0.0029519464723343405,
      "eps_estimate": 0.002873668031945315,
      "surprise_percent": 2.7239903676707975,
      "price_on_date": 0.2975144532590865,
      "revenue_growth": 15.80825606548862,
      "earnings_growth": 11.252413701115046
    },
    {
      "date": "2024-10-31",
      "quarter": "Q4 2024",
      "revenue": 49993019.365911044,
      "earnings": 2526189.3677464062,
      "eps_actual": 0.002804349148717623,
      "eps_estimate": 0.002822126969193066,
      "surprise_percent": -0.6299440340391949,
      "price_on_date": 0.2948969352781312,
      "revenue_growth": 14.248340065776299,
      "earnings_growth": 16.228472367158027
    },
    {
      "date": "2024-08-02",
      "quarter": "Q3 2024",
      "revenue": 47493368.39761549,
      "earnings": 2399879.8993590856,
      "eps_actual": 0.0026641316912817416,
      "eps_estimate": 0.002580245558710174,
      "surprise_percent": 3.251091055593208,
      "price_on_date": 0.26259622336210575,
      "revenue_growth": 12.164548440648323,
      "earnings_growth": 17.5515244655862
    },
    {
      "date": "2024-05-04",
      "quarter": "Q2 2024",
      "revenue": 45118699.97773471,
      "earnings": 2279885.904391131,
      "eps_actual": 0.002530925106717654,
      "eps_estimate": 0.002561332923889814,
      "surprise_percent": -1.1871872214870263,
      "price_on_date": 0.2714747578077068,
      "revenue_growth": 13.84225614488551,
      "earnings_growth": 14.013391929253075
    },
    {
      "date": "2024-02-04",
      "quarter": "Q1 2024",
      "revenue": 42862764.97884797,
      "earnings": 2165891.6091715745,
      "eps_actual": 0.0024043788513817715,
      "eps_estimate": 0.0023976989865887454,
      "surprise_percent": 0.2785948040345847,
      "price_on_date": 0.2423223520179919,
      "revenue_growth": 16.905398654845254,
      "earnings_growth": 16.312878619176526
    },
    {
      "date": "2023-11-06",
      "quarter": "Q4 2023",
      "revenue": 40719626.72990557,
      "earnings": 2057597.0287129954,
      "eps_actual": 0.0022841599088126827,
      "eps_estimate": 0.002306541336330051,
      "surprise_percent": -0.9703458231960251,
      "price_on_date": 0.24462755008463088,
      "revenue_growth": 16.267982027354154,
      "earnings_growth": 10.938022608228431
    }
  ],
  "metrics": {
    "revenue_trend": [
      {
        "date": "2025-07-28",
        "value": 58309397.131839685
      },
      {
        "date": "2025-04-29",
        "value": 55393927.2752477
      },
      {
        "date": "2025-01-29",
        "value": 52624230.911485314
      },
      {
        "date": "2024-10-31",
        "value": 49993019.365911044
      },
      {
        "date": "2024-08-02",
        "value": 47493368.39761549
      },
      {
        "date": "2024-05-04",
        "value": 45118699.97773471
      },
      {
        "date": "2024-02-04",
        "value": 42862764.97884797
      },
      {
        "date": "2023-11-06",
        "value": 40719626.72990557
      }
    ],
    "eps_trend": [
      {
        "date": "2025-07-28",
        "value": 0.003270854816990959
      },
      {
        "date": "2025-04-29",
        "value": 0.003107312076141411
      },
      {
        "date": "2025-01-29",
        "value": 0.0029519464723343405
      },
      {
        "date": "2024-10-31",
        "value": 0.002804349148717623
      },
      {
        "date": "2024-08-02",
        "value": 0.0026641316912817416
      },
      {
        "date": "2024-05-04",
        "value": 0.002530925106717654
      },
      {
        "date": "2024-02-04",
        "value": 0.0024043788513817715
      },
      {
        "date": "2023-11-06",
        "value": 0.0022841599088126827
      }
    ],
    "earnings_dates": [
      "2025-07-28",
      "2025-04-29",
      "2025-01-29",
      "2024-10-31",
      "2024-08-02",
      "2024-05-04",
      "2024-02-04",
      "2023-11-06"
    ]
  },
  "analysis": {
    "avg_revenue_growth": 14.75053701571929,
    "avg_earnings_surprise": 2.4696861949937916,
    "consistency_score": 69,
    "trend_direction": "growing"
  }
}