{
  "ticker": "HSIC",
  "quarters": [
    {
      "date": "2025-07-28",
      "quarter": "Q3 2025",
      "revenue": 28701712.4279399,
      "earnings": 945943.543910031,
      "eps_actual": 0.0010633321092869824,
      "eps_estimate": 0.0010349683131521666,
      "surprise_percent": 2.740547297378528,
      "price_on_date": 2.0471393531504374,
      "revenue_growth": 28.870465441018382,
      "earnings_growth": 27.402302455270718
    },
    {
      "date": "2025-04-29",
      "quarter": "Q2 2025",
      "revenue": 27266626.806542903,
      "earnings": 898646.3667145293,
      "eps_actual": 0.0010101655038226333,
      "eps_estimate": 0.0010278397230921903,
      "surprise_percent": -1.7195501275612555,
      "price_on_date": 1.7841135102302577,
      "revenue_growth": 32.41385263644494,
      "earnings_growth": 30.68535107892765
    },
    {
      "date": "2025-01-29",
      "quarter": "Q1 2025",
      "revenue": 25903295.46621576,
      "earnings": 853714.048378803,
      "eps_actual": 0.0009596572286315017,
      "eps_estimate": 0.0009584310973210617,
      "surprise_percent": 0.12793108590353044,
      "price_on_date": 1.6454872643355702,
      "revenue_growth": 31.62632501019293,
      "earnings_growth": 23.228412489954632
    },
    {
      "date": "2024-10-31",
      "quarter": "Q4 2024",
      "revenue": 24608130.692904968,
      "earnings": 811028.3459598627,
      "eps_actual": 0.0009116743671999265,
      "eps_estimate": 0.000899081723017575,
      "surprise_percent": 1.4006117419545592,
      "price_on_date": 1.5148461268271116,
      "revenue_growth": 30.70366844634224,
      "earnings_growth": 22.879704979056054
    },
    {
      "date": "2024-08-02",
      "quarter": "Q3 2024",
      "revenue": 23377724.15825972,
      "earnings": 770476.9286618696,
      "eps_actual": 0.0008660906488399303,
      "eps_estimate": 0.0008399870710649841,
      "surprise_percent": 3.10761661389032,
      "price_on_date": 1.4933778078092326,
      "revenue_growth": 25.538332447352573,
      "earnings_growth": 23.98164651819976
    },
    {
      "date": "2024-05-04",
      "quarter": "Q2 2024",
      "revenue": 22208837.95034673,
      "earnings": 731953.082228776,
      "eps_actual": 0.0008227861163979335,
      "eps_estimate": 0.0008357052642137734,
      "surprise_percent": -1.5458976231284287,
      "price_on_date": 1.324617926705217,
      "revenue_growth": 32.87969015076794,
      "earnings_growth": 32.30927454261853
    },
    {
      "date": "2024-02-04",
      "quarter": "Q1 2024",
      "revenue": 21098396.052829392,
      "earnings": 695355.4281173372,
      "eps_actual": 0.0007816468105780369,
      "eps_estimate": 0.0007815680126247324,
      "surprise_percent": 0.010082034068904799,
      "price_on_date": 1.236671619622491,
      "revenue_growth": 31.02607772173151,
      "earnings_growth": 30.09733735247368
    },
    {
      "date": "2023-11-06",
      "quarter": "Q4 2023",
      "revenue": 20043476.250187922,
      "earnings": 660587.6567114702,
      "eps_actual": 0.000742564470049135,
      "eps_estimate": 0.0007114013989528268,
      "surprise_percent": 4.380518669513411,
      "price_on_date": 1.2298038522989854,
      "revenue_growth": 24.279295306357657,
      "earnings_growth": 30.25646114629521
    }
  ],
  "metrics": {
    "revenue_trend": [
      {
        "date": "2025-07-28",
        "value": 28701712.4279399
      },
      {
        "date": "2025-04-29",
        "value": 27266626.806542903
      },
      {
        "date": "2025-01-29",
        "value": 25903295.46621576
      },
      {
        "date": "2024-10-31",
        "value": 24608130.692904968
      },
      {
        "date": "2024-08-02",
        "value": 23377724.15825972
      },
      {
        "date": "2024-05-04",
        "value": 22208837.95034673
      },
      {
        "date": "2024-02-04",
        "value": 21098396.052829392
      },
      {
        "date": "2023-11-06",
        "value": 20043476.250187922
      }
    ],
    "eps_trend": [
      {
        "date": "2025-07-28",
        "value": 0.0010633321092869824
      },
      {
        "date": "2025-04-29",
        "value": 0.0010101655038226333
      },
      {
        "date": "2025-01-29",
        "value": 0.0009596572286315017
      },
      {
        "date": "2024-10-31",
        "value": 0.0009116743671999265
      },
      {
        "date": "2024-08-02",
        "value": 0.0008660906488399303
      },
      {
        "date": "2024-05-04",
        "value": 0.0008227861163979335
      },
      {
        "date": "2024-02-04",
        "value": 0.0007816468105780369
      },
      {
        "date": "2023-11-06",
        "value": 0.000742564470049135
      }
    ],
    "earnings_dates": [
      "2025-07-28",
      "2025-04-29",
      "2025-01-29",
      "2024-10-31",
      "2024-08-02",
      "2024-05-04",
      "2024-02-04",
      "2023-11-06"
    ]
  },
  "analysis": {
    "avg_revenue_growth": 30.903577883499622,
    "avg_earnings_surprise": 0.6373849994188405,
    "consistency_score": 76,
    "trend_direction": "growing"
  }
}