{
  "ticker": "HST",
  "quarters": [
    {
      "date": "2025-07-28",
      "quarter": "Q3 2025",
      "revenue": 43351137.429817766,
      "earnings": 1790090.255729014,
      "eps_actual": 0.0014571211810478644,
      "eps_estimate": 0.0013989275147649677,
      "surprise_percent": 4.1598771679513185,
      "price_on_date": 1.1256768761001394,
      "revenue_growth": 36.362753366271996,
      "earnings_growth": 41.957913198526626
    },
    {
      "date": "2025-04-29",
      "quarter": "Q2 2025",
      "revenue": 41183580.55832688,
      "earnings": 1700585.7429425633,
      "eps_actual": 0.001384265121995471,
      "eps_estimate": 0.0013897102680362114,
      "surprise_percent": -0.39181879604552006,
      "price_on_date": 1.0395395504961644,
      "revenue_growth": 34.78293141071469,
      "earnings_growth": 41.14013379819875
    },
    {
      "date": "2025-01-29",
      "quarter": "Q1 2025",
      "revenue": 39124401.530410536,
      "earnings": 1615556.4557954352,
      "eps_actual": 0.0013150518658956976,
      "eps_estimate": 0.0012608634668442012,
      "surprise_percent": 4.297721400963727,
      "price_on_date": 1.0051865153159745,
      "revenue_growth": 42.219972199795365,
      "earnings_growth": 36.301362025043964
    },
    {
      "date": "2024-10-31",
      "quarter": "Q4 2024",
      "revenue": 37168181.45389,
      "earnings": 1534778.6330056633,
      "eps_actual": 0.0012492992726009127,
      "eps_estimate": 0.001233771244789549,
      "surprise_percent": 1.258582405526276,
      "price_on_date": 1.0167667794129065,
      "revenue_growth": 48.34565634376179,
      "earnings_growth": 44.81765629061359
    },
    {
      "date": "2024-08-02",
      "quarter": "Q3 2024",
      "revenue": 35309772.3811955,
      "earnings": 1458039.70135538,
      "eps_actual": 0.0011868343089708668,
      "eps_estimate": 0.0011579502208106387,
      "surprise_percent": 2.494415359237758,
      "price_on_date": 0.907094047304511,
      "revenue_growth": 41.795287633361625,
      "earnings_growth": 34.42225134367028
    },
    {
      "date": "2024-05-04",
      "quarter": "Q2 2024",
      "revenue": 33544283.76213572,
      "earnings": 1385137.7162876108,
      "eps_actual": 0.0011274925935223234,
      "eps_estimate": 0.0011097211838931018,
      "surprise_percent": 1.6014301508489073,
      "price_on_date": 0.8284292633650586,
      "revenue_growth": 38.47921635876007,
      "earnings_growth": 51.54016779331248
    },
    {
      "date": "2024-02-04",
      "quarter": "Q1 2024",
      "revenue": 31867069.574028935,
      "earnings": 1315880.8304732302,
      "eps_actual": 0.0010711179638462072,
      "eps_estimate": 0.001023958003962405,
      "surprise_percent": 4.605653718346605,
      "price_on_date": 0.7736897668372952,
      "revenue_growth": 41.41921981439864,
      "earnings_growth": 32.740735570583375
    },
    {
      "date": "2023-11-06",
      "quarter": "Q4 2023",
      "revenue": 30273716.095327485,
      "earnings": 1250086.7889495685,
      "eps_actual": 0.0010175620656538967,
      "eps_estimate": 0.001029271643148356,
      "surprise_percent": -1.1376566693940802,
      "price_on_date": 0.8342007072473497,
      "revenue_growth": 45.34804590570078,
      "earnings_growth": 35.70347118862852
    }
  ],
  "metrics": {
    "revenue_trend": [
      {
        "date": "2025-07-28",
        "value": 43351137.429817766
      },
      {
        "date": "2025-04-29",
        "value": 41183580.55832688
      },
      {
        "date": "2025-01-29",
        "value": 39124401.530410536
      },
      {
        "date": "2024-10-31",
        "value": 37168181.45389
      },
      {
        "date": "2024-08-02",
        "value": 35309772.3811955
      },
      {
        "date": "2024-05-04",
        "value": 33544283.76213572
      },
      {
        "date": "2024-02-04",
        "value": 31867069.574028935
      },
      {
        "date": "2023-11-06",
        "value": 30273716.095327485
      }
    ],
    "eps_trend": [
      {
        "date": "2025-07-28",
        "value": 0.0014571211810478644
      },
      {
        "date": "2025-04-29",
        "value": 0.001384265121995471
      },
      {
        "date": "2025-01-29",
        "value": 0.0013150518658956976
      },
      {
        "date": "2024-10-31",
        "value": 0.0012492992726009127
      },
      {
        "date": "2024-08-02",
        "value": 0.0011868343089708668
      },
      {
        "date": "2024-05-04",
        "value": 0.0011274925935223234
      },
      {
        "date": "2024-02-04",
        "value": 0.0010711179638462072
      },
      {
        "date": "2023-11-06",
        "value": 0.0010175620656538967
      }
    ],
    "earnings_dates": [
      "2025-07-28",
      "2025-04-29",
      "2025-01-29",
      "2024-10-31",
      "2024-08-02",
      "2024-05-04",
      "2024-02-04",
      "2023-11-06"
    ]
  },
  "analysis": {
    "avg_revenue_growth": 40.42782833013596,
    "avg_earnings_surprise": 2.3310905445989505,
    "consistency_score": 68,
    "trend_direction": "growing"
  }
}