{
  "ticker": "HSY",
  "quarters": [
    {
      "date": "2025-07-28",
      "quarter": "Q3 2025",
      "revenue": 90260553.99884407,
      "earnings": 11889090.77177586,
      "eps_actual": 0.05197816812076191,
      "eps_estimate": 0.052270538738608256,
      "surprise_percent": -0.5593411219815719,
      "price_on_date": 1.456127662416733,
      "revenue_growth": 23.053318926208114,
      "earnings_growth": 22.47630288584801
    },
    {
      "date": "2025-04-29",
      "quarter": "Q2 2025",
      "revenue": 85747526.29890187,
      "earnings": 11294636.233187068,
      "eps_actual": 0.049379259714723824,
      "eps_estimate": 0.049274636728813236,
      "surprise_percent": 0.2123262450140193,
      "price_on_date": 1.4362507118945917,
      "revenue_growth": 20.704729637532985,
      "earnings_growth": 29.15252534427307
    },
    {
      "date": "2025-01-29",
      "quarter": "Q1 2025",
      "revenue": 81460149.98395677,
      "earnings": 10729904.421527714,
      "eps_actual": 0.046910296728987624,
      "eps_estimate": 0.047201915818150794,
      "surprise_percent": -0.6178119767143689,
      "price_on_date": 1.296020972511908,
      "revenue_growth": 26.63648877983275,
      "earnings_growth": 23.150738820696134
    },
    {
      "date": "2024-10-31",
      "quarter": "Q4 2024",
      "revenue": 77387142.48475893,
      "earnings": 10193409.200451327,
      "eps_actual": 0.04456478189253824,
      "eps_estimate": 0.04502854521615066,
      "surprise_percent": -1.0299318385397886,
      "price_on_date": 1.196698152136684,
      "revenue_growth": 25.68170676405955,
      "earnings_growth": 21.211904185443718
    },
    {
      "date": "2024-08-02",
      "quarter": "Q3 2024",
      "revenue": 73517785.36052097,
      "earnings": 9683738.740428759,
      "eps_actual": 0.04233654279791132,
      "eps_estimate": 0.04213567255915279,
      "surprise_percent": 0.47672251695171347,
      "price_on_date": 1.2565772628750653,
      "revenue_growth": 24.49657843357648,
      "earnings_growth": 30.867669743214027
    },
    {
      "date": "2024-05-04",
      "quarter": "Q2 2024",
      "revenue": 69841896.09249492,
      "earnings": 9199551.80340732,
      "eps_actual": 0.040219715658015756,
      "eps_estimate": 0.04033510347114207,
      "surprise_percent": -0.2860729320029279,
      "price_on_date": 1.1336371639410414,
      "revenue_growth": 20.47911193399972,
      "earnings_growth": 20.292421688637408
    },
    {
      "date": "2024-02-04",
      "quarter": "Q1 2024",
      "revenue": 66349801.287870176,
      "earnings": 8739574.213236956,
      "eps_actual": 0.03820872987511497,
      "eps_estimate": 0.03836832858174574,
      "surprise_percent": -0.41596470977550715,
      "price_on_date": 1.1139435892111254,
      "revenue_growth": 27.670368458954385,
      "earnings_growth": 30.290242855558706
    },
    {
      "date": "2023-11-06",
      "quarter": "Q4 2023",
      "revenue": 63032311.223476656,
      "earnings": 8302595.502575106,
      "eps_actual": 0.03629829338135921,
      "eps_estimate": 0.03459496288560562,
      "surprise_percent": 4.923637297678157,
      "price_on_date": 1.010406629263518,
      "revenue_growth": 25.24886626308635,
      "earnings_growth": 25.62195747574743
    }
  ],
  "metrics": {
    "revenue_trend": [
      {
        "date": "2025-07-28",
        "value": 90260553.99884407
      },
      {
        "date": "2025-04-29",
        "value": 85747526.29890187
      },
      {
        "date": "2025-01-29",
        "value": 81460149.98395677
      },
      {
        "date": "2024-10-31",
        "value": 77387142.48475893
      },
      {
        "date": "2024-08-02",
        "value": 73517785.36052097
      },
      {
        "date": "2024-05-04",
        "value": 69841896.09249492
      },
      {
        "date": "2024-02-04",
        "value": 66349801.287870176
      },
      {
        "date": "2023-11-06",
        "value": 63032311.223476656
      }
    ],
    "eps_trend": [
      {
        "date": "2025-07-28",
        "value": 0.05197816812076191
      },
      {
        "date": "2025-04-29",
        "value": 0.049379259714723824
      },
      {
        "date": "2025-01-29",
        "value": 0.046910296728987624
      },
      {
        "date": "2024-10-31",
        "value": 0.04456478189253824
      },
      {
        "date": "2024-08-02",
        "value": 0.04233654279791132
      },
      {
        "date": "2024-05-04",
        "value": 0.040219715658015756
      },
      {
        "date": "2024-02-04",
        "value": 0.03820872987511497
      },
      {
        "date": "2023-11-06",
        "value": 0.03629829338135921
      }
    ],
    "earnings_dates": [
      "2025-07-28",
      "2025-04-29",
      "2025-01-29",
      "2024-10-31",
      "2024-08-02",
      "2024-05-04",
      "2024-02-04",
      "2023-11-06"
    ]
  },
  "analysis": {
    "avg_revenue_growth": 24.01906102690835,
    "avg_earnings_surprise": -0.49868967305542755,
    "consistency_score": 75,
    "trend_direction": "growing"
  }
}