{
  "ticker": "HUBB",
  "quarters": [
    {
      "date": "2025-07-28",
      "quarter": "Q3 2025",
      "revenue": 39496804.39358036,
      "earnings": 3649918.709222445,
      "eps_actual": 0.0014064552511616698,
      "eps_estimate": 0.0014296556428194105,
      "surprise_percent": -1.6227957952159293,
      "price_on_date": 0.5133929107918678,
      "revenue_growth": 17.79306689333822,
      "earnings_growth": 15.028324029849797
    },
    {
      "date": "2025-04-29",
      "quarter": "Q2 2025",
      "revenue": 37521964.17390134,
      "earnings": 3467422.7737613223,
      "eps_actual": 0.0013361324886035863,
      "eps_estimate": 0.0012787379961914252,
      "surprise_percent": 4.488369985337418,
      "price_on_date": 0.4580210922961291,
      "revenue_growth": 15.547758471510127,
      "earnings_growth": 15.67863796113174
    },
    {
      "date": "2025-01-29",
      "quarter": "Q1 2025",
      "revenue": 35645865.96520627,
      "earnings": 3294051.635073256,
      "eps_actual": 0.0012693258641734068,
      "eps_estimate": 0.0012096854775737128,
      "surprise_percent": 4.93023911631276,
      "price_on_date": 0.4667904552454851,
      "revenue_growth": 15.109203101572389,
      "earnings_growth": 12.940362008490165
    },
    {
      "date": "2024-10-31",
      "quarter": "Q4 2024",
      "revenue": 33863572.66694596,
      "earnings": 3129349.053319593,
      "eps_actual": 0.0012058595709647365,
      "eps_estimate": 0.001174743402880433,
      "surprise_percent": 2.6487629560640786,
      "price_on_date": 0.43080367307830275,
      "revenue_growth": 14.686667546545085,
      "earnings_growth": 18.305311201821947
    },
    {
      "date": "2024-08-02",
      "quarter": "Q3 2024",
      "revenue": 32170394.03359866,
      "earnings": 2972881.6006536135,
      "eps_actual": 0.0011455665924164997,
      "eps_estimate": 0.0011145503127019975,
      "surprise_percent": 2.7828514658355497,
      "price_on_date": 0.39762758498418105,
      "revenue_growth": 14.813743050233223,
      "earnings_growth": 15.458780185494252
    },
    {
      "date": "2024-05-04",
      "quarter": "Q2 2024",
      "revenue": 30561874.331918724,
      "earnings": 2824237.5206209323,
      "eps_actual": 0.0010882882627956745,
      "eps_estimate": 0.0010536136746573592,
      "surprise_percent": 3.2910153856527824,
      "price_on_date": 0.4157262374838941,
      "revenue_growth": 18.048573492679537,
      "earnings_growth": 17.659376282387644
    },
    {
      "date": "2024-02-04",
      "quarter": "Q1 2024",
      "revenue": 29033780.615322787,
      "earnings": 2683025.644589886,
      "eps_actual": 0.0010338738496558908,
      "eps_estimate": 0.0010152213306914596,
      "surprise_percent": 1.83728595928211,
      "price_on_date": 0.40122803052601136,
      "revenue_growth": 14.989462112491452,
      "earnings_growth": 14.485698590471042
    },
    {
      "date": "2023-11-06",
      "quarter": "Q4 2023",
      "revenue": 27582091.584556643,
      "earnings": 2548874.3623603913,
      "eps_actual": 0.0009821801571730962,
      "eps_estimate": 0.0009543556246913123,
      "surprise_percent": 2.915530831683816,
      "price_on_date": 0.3660430766726654,
      "revenue_growth": 15.233728697778758,
      "earnings_growth": 18.200612850536153
    }
  ],
  "metrics": {
    "revenue_trend": [
      {
        "date": "2025-07-28",
        "value": 39496804.39358036
      },
      {
        "date": "2025-04-29",
        "value": 37521964.17390134
      },
      {
        "date": "2025-01-29",
        "value": 35645865.96520627
      },
      {
        "date": "2024-10-31",
        "value": 33863572.66694596
      },
      {
        "date": "2024-08-02",
        "value": 32170394.03359866
      },
      {
        "date": "2024-05-04",
        "value": 30561874.331918724
      },
      {
        "date": "2024-02-04",
        "value": 29033780.615322787
      },
      {
        "date": "2023-11-06",
        "value": 27582091.584556643
      }
    ],
    "eps_trend": [
      {
        "date": "2025-07-28",
        "value": 0.0014064552511616698
      },
      {
        "date": "2025-04-29",
        "value": 0.0013361324886035863
      },
      {
        "date": "2025-01-29",
        "value": 0.0012693258641734068
      },
      {
        "date": "2024-10-31",
        "value": 0.0012058595709647365
      },
      {
        "date": "2024-08-02",
        "value": 0.0011455665924164997
      },
      {
        "date": "2024-05-04",
        "value": 0.0010882882627956745
      },
      {
        "date": "2024-02-04",
        "value": 0.0010338738496558908
      },
      {
        "date": "2023-11-06",
        "value": 0.0009821801571730962
      }
    ],
    "earnings_dates": [
      "2025-07-28",
      "2025-04-29",
      "2025-01-29",
      "2024-10-31",
      "2024-08-02",
      "2024-05-04",
      "2024-02-04",
      "2023-11-06"
    ]
  },
  "analysis": {
    "avg_revenue_growth": 15.784174003241457,
    "avg_earnings_surprise": 2.6111440656245817,
    "consistency_score": 88,
    "trend_direction": "growing"
  }
}