{
  "ticker": "HUM",
  "quarters": [
    {
      "date": "2025-07-28",
      "quarter": "Q3 2025",
      "revenue": 106942209.06260225,
      "earnings": 3557976.9250209345,
      "eps_actual": 0.0007413787806228605,
      "eps_estimate": 0.0007117020748212229,
      "surprise_percent": 4.16982145360364,
      "price_on_date": 0.38829057954268265,
      "revenue_growth": -9.876494136744029,
      "earnings_growth": -8.662499179788805
    },
    {
      "date": "2025-04-29",
      "quarter": "Q2 2025",
      "revenue": 101595098.60947214,
      "earnings": 3380078.078769888,
      "eps_actual": 0.0007043098415917175,
      "eps_estimate": 0.0006968088118254053,
      "surprise_percent": 1.0764831958226806,
      "price_on_date": 0.39063704262452303,
      "revenue_growth": -9.924481086670232,
      "earnings_growth": -11.2875124396296
    },
    {
      "date": "2025-01-29",
      "quarter": "Q1 2025",
      "revenue": 96515343.67899853,
      "earnings": 3211074.174831393,
      "eps_actual": 0.0006690943495121315,
      "eps_estimate": 0.0006574426002789462,
      "surprise_percent": 1.772283881245549,
      "price_on_date": 0.3299336102454036,
      "revenue_growth": -11.200145873571259,
      "earnings_growth": -7.304774180610694
    },
    {
      "date": "2024-10-31",
      "quarter": "Q4 2024",
      "revenue": 91689576.4950486,
      "earnings": 3050520.4660898233,
      "eps_actual": 0.0006356396320365249,
      "eps_estimate": 0.0006062305489685663,
      "surprise_percent": 4.851138418872972,
      "price_on_date": 0.30983746371718607,
      "revenue_growth": -8.520079693356795,
      "earnings_growth": -12.264466771001274
    },
    {
      "date": "2024-08-02",
      "quarter": "Q3 2024",
      "revenue": 87105097.67029616,
      "earnings": 2897994.442785332,
      "eps_actual": 0.0006038576504346987,
      "eps_estimate": 0.0005822651566915659,
      "surprise_percent": 3.708360958059298,
      "price_on_date": 0.303236882673702,
      "revenue_growth": -9.692250461839077,
      "earnings_growth": -10.444134121366401
    },
    {
      "date": "2024-05-04",
      "quarter": "Q2 2024",
      "revenue": 82749842.78678134,
      "earnings": 2753094.720646065,
      "eps_actual": 0.0005736647679129637,
      "eps_estimate": 0.0005583871630437182,
      "surprise_percent": 2.7360236553377435,
      "price_on_date": 0.3165050402807056,
      "revenue_growth": -9.46254380044916,
      "earnings_growth": -9.824562037002705
    },
    {
      "date": "2024-02-04",
      "quarter": "Q1 2024",
      "revenue": 78612350.64744228,
      "earnings": 2615439.9846137622,
      "eps_actual": 0.0005449815295173156,
      "eps_estimate": 0.000523114306475067,
      "surprise_percent": 4.18019977117388,
      "price_on_date": 0.2575158868966211,
      "revenue_growth": -8.131246399338421,
      "earnings_growth": -11.833495074178208
    },
    {
      "date": "2023-11-06",
      "quarter": "Q4 2023",
      "revenue": 74681733.11507015,
      "earnings": 2484667.9853830733,
      "eps_actual": 0.0005177324530414496,
      "eps_estimate": 0.0005170522936475868,
      "surprise_percent": 0.13154557135113806,
      "price_on_date": 0.2804975528879191,
      "revenue_growth": -9.023431475528593,
      "earnings_growth": -9.767689082084193
    }
  ],
  "metrics": {
    "revenue_trend": [
      {
        "date": "2025-07-28",
        "value": 106942209.06260225
      },
      {
        "date": "2025-04-29",
        "value": 101595098.60947214
      },
      {
        "date": "2025-01-29",
        "value": 96515343.67899853
      },
      {
        "date": "2024-10-31",
        "value": 91689576.4950486
      },
      {
        "date": "2024-08-02",
        "value": 87105097.67029616
      },
      {
        "date": "2024-05-04",
        "value": 82749842.78678134
      },
      {
        "date": "2024-02-04",
        "value": 78612350.64744228
      },
      {
        "date": "2023-11-06",
        "value": 74681733.11507015
      }
    ],
    "eps_trend": [
      {
        "date": "2025-07-28",
        "value": 0.0007413787806228605
      },
      {
        "date": "2025-04-29",
        "value": 0.0007043098415917175
      },
      {
        "date": "2025-01-29",
        "value": 0.0006690943495121315
      },
      {
        "date": "2024-10-31",
        "value": 0.0006356396320365249
      },
      {
        "date": "2024-08-02",
        "value": 0.0006038576504346987
      },
      {
        "date": "2024-05-04",
        "value": 0.0005736647679129637
      },
      {
        "date": "2024-02-04",
        "value": 0.0005449815295173156
      },
      {
        "date": "2023-11-06",
        "value": 0.0005177324530414496
      }
    ],
    "earnings_dates": [
      "2025-07-28",
      "2025-04-29",
      "2025-01-29",
      "2024-10-31",
      "2024-08-02",
      "2024-05-04",
      "2024-02-04",
      "2023-11-06"
    ]
  },
  "analysis": {
    "avg_revenue_growth": -9.88030019758558,
    "avg_earnings_surprise": 2.9674317373862102,
    "consistency_score": 70,
    "trend_direction": "declining"
  }
}