{
  "ticker": "HWM",
  "quarters": [
    {
      "date": "2025-07-28",
      "quarter": "Q3 2025",
      "revenue": 34470288.840421185,
      "earnings": 8528006.651986359,
      "eps_actual": 0.00666492713872396,
      "eps_estimate": 0.006743307396003066,
      "surprise_percent": -1.162341454663098,
      "price_on_date": 1.2808980091062994,
      "revenue_growth": 10.194796863515753,
      "earnings_growth": 12.729621283507125
    },
    {
      "date": "2025-04-29",
      "quarter": "Q2 2025",
      "revenue": 32746774.398400124,
      "earnings": 8101606.31938704,
      "eps_actual": 0.006331680781787761,
      "eps_estimate": 0.006407310120058416,
      "surprise_percent": -1.1803601956754486,
      "price_on_date": 1.1853672748863369,
      "revenue_growth": 9.652950061630559,
      "earnings_growth": 11.071744747579704
    },
    {
      "date": "2025-01-29",
      "quarter": "Q1 2025",
      "revenue": 31109435.67848012,
      "earnings": 7696526.0034176875,
      "eps_actual": 0.006015096742698373,
      "eps_estimate": 0.006044934391932331,
      "surprise_percent": -0.4935975694588268,
      "price_on_date": 1.0570239314072218,
      "revenue_growth": 9.068802567561884,
      "earnings_growth": 12.652921805699197
    },
    {
      "date": "2024-10-31",
      "quarter": "Q4 2024",
      "revenue": 29553963.89455611,
      "earnings": 7311699.703246803,
      "eps_actual": 0.0057143419055634545,
      "eps_estimate": 0.00556626651320172,
      "surprise_percent": 2.660228215996099,
      "price_on_date": 1.01606793374875,
      "revenue_growth": 10.308453576255037,
      "earnings_growth": 12.813661172774173
    },
    {
      "date": "2024-08-02",
      "quarter": "Q3 2024",
      "revenue": 28076265.699828304,
      "earnings": 6946114.718084463,
      "eps_actual": 0.0054286248102852815,
      "eps_estimate": 0.00528206942172757,
      "surprise_percent": 2.7745827791445197,
      "price_on_date": 0.9535845078261032,
      "revenue_growth": 11.598302015974042,
      "earnings_growth": 13.317294925206907
    },
    {
      "date": "2024-05-04",
      "quarter": "Q2 2024",
      "revenue": 26672452.414836884,
      "earnings": 6598808.982180238,
      "eps_actual": 0.005157193569771016,
      "eps_estimate": 0.004926618862583656,
      "surprise_percent": 4.680181552880264,
      "price_on_date": 0.9206636235502617,
      "revenue_growth": 12.855861110868638,
      "earnings_growth": 9.043595904739766
    },
    {
      "date": "2024-02-04",
      "quarter": "Q1 2024",
      "revenue": 25338829.79409504,
      "earnings": 6268868.533071226,
      "eps_actual": 0.004899333891282466,
      "eps_estimate": 0.004772680017438485,
      "surprise_percent": 2.653726488706785,
      "price_on_date": 0.8270755822754321,
      "revenue_growth": 9.402702394739,
      "earnings_growth": 8.08384383463623
    },
    {
      "date": "2023-11-06",
      "quarter": "Q4 2023",
      "revenue": 24071888.304390285,
      "earnings": 5955425.106417664,
      "eps_actual": 0.004654367196718342,
      "eps_estimate": 0.00470353624266314,
      "surprise_percent": -1.0453633906083983,
      "price_on_date": 0.931228200158291,
      "revenue_growth": 11.01067942000194,
      "earnings_growth": 10.172471635365206
    }
  ],
  "metrics": {
    "revenue_trend": [
      {
        "date": "2025-07-28",
        "value": 34470288.840421185
      },
      {
        "date": "2025-04-29",
        "value": 32746774.398400124
      },
      {
        "date": "2025-01-29",
        "value": 31109435.67848012
      },
      {
        "date": "2024-10-31",
        "value": 29553963.89455611
      },
      {
        "date": "2024-08-02",
        "value": 28076265.699828304
      },
      {
        "date": "2024-05-04",
        "value": 26672452.414836884
      },
      {
        "date": "2024-02-04",
        "value": 25338829.79409504
      },
      {
        "date": "2023-11-06",
        "value": 24071888.304390285
      }
    ],
    "eps_trend": [
      {
        "date": "2025-07-28",
        "value": 0.00666492713872396
      },
      {
        "date": "2025-04-29",
        "value": 0.006331680781787761
      },
      {
        "date": "2025-01-29",
        "value": 0.006015096742698373
      },
      {
        "date": "2024-10-31",
        "value": 0.0057143419055634545
      },
      {
        "date": "2024-08-02",
        "value": 0.0054286248102852815
      },
      {
        "date": "2024-05-04",
        "value": 0.005157193569771016
      },
      {
        "date": "2024-02-04",
        "value": 0.004899333891282466
      },
      {
        "date": "2023-11-06",
        "value": 0.004654367196718342
      }
    ],
    "earnings_dates": [
      "2025-07-28",
      "2025-04-29",
      "2025-01-29",
      "2024-10-31",
      "2024-08-02",
      "2024-05-04",
      "2024-02-04",
      "2023-11-06"
    ]
  },
  "analysis": {
    "avg_revenue_growth": 9.806250767240808,
    "avg_earnings_surprise": -0.04401775095031868,
    "consistency_score": 73,
    "trend_direction": "growing"
  }
}