{
  "ticker": "IBM",
  "quarters": [
    {
      "date": "2025-07-28",
      "quarter": "Q3 2025",
      "revenue": 107582954760.85127,
      "earnings": 4837511396.483021,
      "eps_actual": 5.22830919790166,
      "eps_estimate": 5.12777832282024,
      "surprise_percent": 1.9605152319870283,
      "price_on_date": 263.57364205763514,
      "revenue_growth": 43.857196554002705,
      "earnings_growth": 42.0430156473573
    },
    {
      "date": "2025-04-29",
      "quarter": "Q2 2025",
      "revenue": 102203807022.8087,
      "earnings": 4595635826.65887,
      "eps_actual": 4.9668937380065765,
      "eps_estimate": 4.904566005937003,
      "surprise_percent": 1.2708103427321724,
      "price_on_date": 260.84045627955044,
      "revenue_growth": 48.675496038252575,
      "earnings_growth": 43.04574773686723
    },
    {
      "date": "2025-01-29",
      "quarter": "Q1 2025",
      "revenue": 97093616671.66827,
      "earnings": 4365854035.325926,
      "eps_actual": 4.718549051106248,
      "eps_estimate": 4.6312413793311675,
      "surprise_percent": 1.8851894043943958,
      "price_on_date": 270.3924850104592,
      "revenue_growth": 39.59856296877448,
      "earnings_growth": 52.25865053905915
    },
    {
      "date": "2024-10-31",
      "quarter": "Q4 2024",
      "revenue": 92238935838.08485,
      "earnings": 4147561333.5596294,
      "eps_actual": 4.482621598550935,
      "eps_estimate": 4.33100337135165,
      "surprise_percent": 3.5007644695498614,
      "price_on_date": 246.32215650769183,
      "revenue_growth": 33.83069835896709,
      "earnings_growth": 40.00898833096935
    },
    {
      "date": "2024-08-02",
      "quarter": "Q3 2024",
      "revenue": 87626989046.1806,
      "earnings": 3940183266.8816476,
      "eps_actual": 4.258490518623388,
      "eps_estimate": 4.051966619983509,
      "surprise_percent": 5.09688055230621,
      "price_on_date": 216.6380277707237,
      "revenue_growth": 41.50896611193023,
      "earnings_growth": 34.75878914923714
    },
    {
      "date": "2024-05-04",
      "quarter": "Q2 2024",
      "revenue": 83245639593.87157,
      "earnings": 3743174103.537565,
      "eps_actual": 4.045565992692219,
      "eps_estimate": 3.866976299480343,
      "surprise_percent": 4.618329138347073,
      "price_on_date": 229.02507963025022,
      "revenue_growth": 43.16125283893569,
      "earnings_growth": 48.05248289583404
    },
    {
      "date": "2024-02-04",
      "quarter": "Q1 2024",
      "revenue": 79083357614.17798,
      "earnings": 3556015398.3606863,
      "eps_actual": 3.843287693057607,
      "eps_estimate": 3.912833032975269,
      "surprise_percent": -1.7773653854271618,
      "price_on_date": 206.7361250476739,
      "revenue_growth": 39.12921157557925,
      "earnings_growth": 38.666421023102735
    },
    {
      "date": "2023-11-06",
      "quarter": "Q4 2023",
      "revenue": 75129189733.46907,
      "earnings": 3378214628.4426517,
      "eps_actual": 3.6511233084047263,
      "eps_estimate": 3.59691715268464,
      "surprise_percent": 1.5070170765436834,
      "price_on_date": 181.4748924156332,
      "revenue_growth": 37.473836427797075,
      "earnings_growth": 30.779261361675328
    }
  ],
  "metrics": {
    "revenue_trend": [
      {
        "date": "2025-07-28",
        "value": 107582954760.85127
      },
      {
        "date": "2025-04-29",
        "value": 102203807022.8087
      },
      {
        "date": "2025-01-29",
        "value": 97093616671.66827
      },
      {
        "date": "2024-10-31",
        "value": 92238935838.08485
      },
      {
        "date": "2024-08-02",
        "value": 87626989046.1806
      },
      {
        "date": "2024-05-04",
        "value": 83245639593.87157
      },
      {
        "date": "2024-02-04",
        "value": 79083357614.17798
      },
      {
        "date": "2023-11-06",
        "value": 75129189733.46907
      }
    ],
    "eps_trend": [
      {
        "date": "2025-07-28",
        "value": 5.22830919790166
      },
      {
        "date": "2025-04-29",
        "value": 4.9668937380065765
      },
      {
        "date": "2025-01-29",
        "value": 4.718549051106248
      },
      {
        "date": "2024-10-31",
        "value": 4.482621598550935
      },
      {
        "date": "2024-08-02",
        "value": 4.258490518623388
      },
      {
        "date": "2024-05-04",
        "value": 4.045565992692219
      },
      {
        "date": "2024-02-04",
        "value": 3.843287693057607
      },
      {
        "date": "2023-11-06",
        "value": 3.6511233084047263
      }
    ],
    "earnings_dates": [
      "2025-07-28",
      "2025-04-29",
      "2025-01-29",
      "2024-10-31",
      "2024-08-02",
      "2024-05-04",
      "2024-02-04",
      "2023-11-06"
    ]
  },
  "analysis": {
    "avg_revenue_growth": 41.49048847999921,
    "avg_earnings_surprise": 2.154319862165864,
    "consistency_score": 64,
    "trend_direction": "growing"
  }
}