{
  "ticker": "ICE",
  "quarters": [
    {
      "date": "2025-07-28",
      "quarter": "Q3 2025",
      "revenue": 532357559.321822,
      "earnings": 70922740.6037998,
      "eps_actual": 0.01574068771855191,
      "eps_estimate": 0.01599354960695748,
      "surprise_percent": -1.5810241917502288,
      "price_on_date": 5.922538267670063,
      "revenue_growth": 30.360009012528742,
      "earnings_growth": 32.56572782267134
    },
    {
      "date": "2025-04-29",
      "quarter": "Q2 2025",
      "revenue": 505739681.3557309,
      "earnings": 67376603.57360981,
      "eps_actual": 0.014953653332624313,
      "eps_estimate": 0.014325195886896756,
      "surprise_percent": 4.387077500995332,
      "price_on_date": 6.1761076143804825,
      "revenue_growth": 33.51916765120513,
      "earnings_growth": 26.65975370977121
    },
    {
      "date": "2025-01-29",
      "quarter": "Q1 2025",
      "revenue": 480452697.2879443,
      "earnings": 64007773.39492932,
      "eps_actual": 0.014205970665993096,
      "eps_estimate": 0.01440542750236233,
      "surprise_percent": -1.38459505166734,
      "price_on_date": 6.0827251985799204,
      "revenue_growth": 28.72851821469651,
      "earnings_growth": 24.751163989425212
    },
    {
      "date": "2024-10-31",
      "quarter": "Q4 2024",
      "revenue": 456430062.4235471,
      "earnings": 60807384.72518285,
      "eps_actual": 0.013495672132693442,
      "eps_estimate": 0.01333435706129572,
      "surprise_percent": 1.2097701498181288,
      "price_on_date": 5.428879483743634,
      "revenue_growth": 37.65686839966688,
      "earnings_growth": 33.23709171082425
    },
    {
      "date": "2024-08-02",
      "quarter": "Q3 2024",
      "revenue": 433608559.3023697,
      "earnings": 57767015.488923706,
      "eps_actual": 0.012820888526058768,
      "eps_estimate": 0.012991631236818965,
      "surprise_percent": -1.3142515181334826,
      "price_on_date": 4.776910963588776,
      "revenue_growth": 29.523427771035582,
      "earnings_growth": 27.453636956457593
    },
    {
      "date": "2024-05-04",
      "quarter": "Q2 2024",
      "revenue": 411928131.3372512,
      "earnings": 54878664.71447752,
      "eps_actual": 0.012179844099755829,
      "eps_estimate": 0.012193368573093702,
      "surprise_percent": -0.11091662863137589,
      "price_on_date": 4.682591607984042,
      "revenue_growth": 40.26579177721367,
      "earnings_growth": 33.95287831096754
    },
    {
      "date": "2024-02-04",
      "quarter": "Q1 2024",
      "revenue": 391331724.7703886,
      "earnings": 52134731.478753634,
      "eps_actual": 0.011570851894768036,
      "eps_estimate": 0.011157629072118404,
      "surprise_percent": 3.703500268549229,
      "price_on_date": 4.4398806384964296,
      "revenue_growth": 35.49117481045336,
      "earnings_growth": 31.00221033280889
    },
    {
      "date": "2023-11-06",
      "quarter": "Q4 2023",
      "revenue": 371765138.5318691,
      "earnings": 49527994.90481595,
      "eps_actual": 0.010992309300029634,
      "eps_estimate": 0.011188889656035223,
      "surprise_percent": -1.7569246104733482,
      "price_on_date": 4.793267306127609,
      "revenue_growth": 30.701289176090395,
      "earnings_growth": 25.689166240124724
    }
  ],
  "metrics": {
    "revenue_trend": [
      {
        "date": "2025-07-28",
        "value": 532357559.321822
      },
      {
        "date": "2025-04-29",
        "value": 505739681.3557309
      },
      {
        "date": "2025-01-29",
        "value": 480452697.2879443
      },
      {
        "date": "2024-10-31",
        "value": 456430062.4235471
      },
      {
        "date": "2024-08-02",
        "value": 433608559.3023697
      },
      {
        "date": "2024-05-04",
        "value": 411928131.3372512
      },
      {
        "date": "2024-02-04",
        "value": 391331724.7703886
      },
      {
        "date": "2023-11-06",
        "value": 371765138.5318691
      }
    ],
    "eps_trend": [
      {
        "date": "2025-07-28",
        "value": 0.01574068771855191
      },
      {
        "date": "2025-04-29",
        "value": 0.014953653332624313
      },
      {
        "date": "2025-01-29",
        "value": 0.014205970665993096
      },
      {
        "date": "2024-10-31",
        "value": 0.013495672132693442
      },
      {
        "date": "2024-08-02",
        "value": 0.012820888526058768
      },
      {
        "date": "2024-05-04",
        "value": 0.012179844099755829
      },
      {
        "date": "2024-02-04",
        "value": 0.011570851894768036
      },
      {
        "date": "2023-11-06",
        "value": 0.010992309300029634
      }
    ],
    "earnings_dates": [
      "2025-07-28",
      "2025-04-29",
      "2025-01-29",
      "2024-10-31",
      "2024-08-02",
      "2024-05-04",
      "2024-02-04",
      "2023-11-06"
    ]
  },
  "analysis": {
    "avg_revenue_growth": 32.566140819524314,
    "avg_earnings_surprise": 0.6578071018489731,
    "consistency_score": 62,
    "trend_direction": "growing"
  }
}