{
  "ticker": "IDXX",
  "quarters": [
    {
      "date": "2025-07-28",
      "quarter": "Q3 2025",
      "revenue": 59458953.57366181,
      "earnings": 5277553.1634654645,
      "eps_actual": 0.0013879004167053413,
      "eps_estimate": 0.0013773719304662401,
      "surprise_percent": 0.7643894874158845,
      "price_on_date": 0.22348153251864428,
      "revenue_growth": 6.06952460732461,
      "earnings_growth": 6.52294135471825
    },
    {
      "date": "2025-04-29",
      "quarter": "Q2 2025",
      "revenue": 56486005.89497872,
      "earnings": 5013675.505292191,
      "eps_actual": 0.0013185053958700741,
      "eps_estimate": 0.0012635200314580896,
      "surprise_percent": 4.351760402922301,
      "price_on_date": 0.24095315329421407,
      "revenue_growth": 5.917057329928251,
      "earnings_growth": 7.4474505864091975
    },
    {
      "date": "2025-01-29",
      "quarter": "Q1 2025",
      "revenue": 53661705.600229785,
      "earnings": 4762991.730027582,
      "eps_actual": 0.0012525801260765705,
      "eps_estimate": 0.0012037277522495215,
      "surprise_percent": 4.058423820149855,
      "price_on_date": 0.19292899238903766,
      "revenue_growth": 5.99797475208869,
      "earnings_growth": 6.902865439610354
    },
    {
      "date": "2024-10-31",
      "quarter": "Q4 2024",
      "revenue": 50978620.32021829,
      "earnings": 4524842.143526202,
      "eps_actual": 0.001189951119772742,
      "eps_estimate": 0.0011421955972812168,
      "surprise_percent": 4.181028416253591,
      "price_on_date": 0.1979339201293384,
      "revenue_growth": 5.74823312171141,
      "earnings_growth": 7.321836299544393
    },
    {
      "date": "2024-08-02",
      "quarter": "Q3 2024",
      "revenue": 48429689.30420738,
      "earnings": 4298600.036349893,
      "eps_actual": 0.001130453563784105,
      "eps_estimate": 0.0011458064197794697,
      "surprise_percent": -1.3399170863713379,
      "price_on_date": 0.18344976582313557,
      "revenue_growth": 6.428371369865501,
      "earnings_growth": 7.097348805855267
    },
    {
      "date": "2024-05-04",
      "quarter": "Q2 2024",
      "revenue": 46008204.838997,
      "earnings": 4083670.0345323966,
      "eps_actual": 0.0010739308855948993,
      "eps_estimate": 0.0010930677234593472,
      "surprise_percent": -1.7507458553330506,
      "price_on_date": 0.1883861353314127,
      "revenue_growth": 7.157312104231218,
      "earnings_growth": 5.0022750975739285
    },
    {
      "date": "2024-02-04",
      "quarter": "Q1 2024",
      "revenue": 43707794.59704715,
      "earnings": 3879486.532805777,
      "eps_actual": 0.0010202343413151544,
      "eps_estimate": 0.00099410245153816,
      "surprise_percent": 2.628691815070065,
      "price_on_date": 0.17211212996577924,
      "revenue_growth": 7.3119850051325415,
      "earnings_growth": 6.646779093539307
    },
    {
      "date": "2023-11-06",
      "quarter": "Q4 2023",
      "revenue": 41522404.86719479,
      "earnings": 3685512.206165488,
      "eps_actual": 0.0009692226242493966,
      "eps_estimate": 0.0009662897159275974,
      "surprise_percent": 0.3035226675245827,
      "price_on_date": 0.15637487814973489,
      "revenue_growth": 6.715043774522641,
      "earnings_growth": 4.913612058233534
    }
  ],
  "metrics": {
    "revenue_trend": [
      {
        "date": "2025-07-28",
        "value": 59458953.57366181
      },
      {
        "date": "2025-04-29",
        "value": 56486005.89497872
      },
      {
        "date": "2025-01-29",
        "value": 53661705.600229785
      },
      {
        "date": "2024-10-31",
        "value": 50978620.32021829
      },
      {
        "date": "2024-08-02",
        "value": 48429689.30420738
      },
      {
        "date": "2024-05-04",
        "value": 46008204.838997
      },
      {
        "date": "2024-02-04",
        "value": 43707794.59704715
      },
      {
        "date": "2023-11-06",
        "value": 41522404.86719479
      }
    ],
    "eps_trend": [
      {
        "date": "2025-07-28",
        "value": 0.0013879004167053413
      },
      {
        "date": "2025-04-29",
        "value": 0.0013185053958700741
      },
      {
        "date": "2025-01-29",
        "value": 0.0012525801260765705
      },
      {
        "date": "2024-10-31",
        "value": 0.001189951119772742
      },
      {
        "date": "2024-08-02",
        "value": 0.001130453563784105
      },
      {
        "date": "2024-05-04",
        "value": 0.0010739308855948993
      },
      {
        "date": "2024-02-04",
        "value": 0.0010202343413151544
      },
      {
        "date": "2023-11-06",
        "value": 0.0009692226242493966
      }
    ],
    "earnings_dates": [
      "2025-07-28",
      "2025-04-29",
      "2025-01-29",
      "2024-10-31",
      "2024-08-02",
      "2024-05-04",
      "2024-02-04",
      "2023-11-06"
    ]
  },
  "analysis": {
    "avg_revenue_growth": 5.93319745276324,
    "avg_earnings_surprise": 3.338900531685408,
    "consistency_score": 79,
    "trend_direction": "growing"
  }
}