{
  "ticker": "IEX",
  "quarters": [
    {
      "date": "2025-07-28",
      "quarter": "Q3 2025",
      "revenue": 62165825.10920528,
      "earnings": 13089361.030400833,
      "eps_actual": 0.01463733085854825,
      "eps_estimate": 0.013973968343141893,
      "surprise_percent": 4.747130515233494,
      "price_on_date": 1.7809023695090558,
      "revenue_growth": 22.180837781688783,
      "earnings_growth": 21.652424949955762
    },
    {
      "date": "2025-04-29",
      "quarter": "Q2 2025",
      "revenue": 59057533.85374501,
      "earnings": 12434892.978880791,
      "eps_actual": 0.013905464315620836,
      "eps_estimate": 0.014085295027769664,
      "surprise_percent": -1.2767266272682658,
      "price_on_date": 1.4896934769156507,
      "revenue_growth": 25.161453757369085,
      "earnings_growth": 32.32673226736199
    },
    {
      "date": "2025-01-29",
      "quarter": "Q1 2025",
      "revenue": 56104657.16105776,
      "earnings": 11813148.32993675,
      "eps_actual": 0.013210191099839794,
      "eps_estimate": 0.013005736251577237,
      "surprise_percent": 1.5720359409699889,
      "price_on_date": 1.3421705013065497,
      "revenue_growth": 28.939483267218378,
      "earnings_growth": 30.27249505128815
    },
    {
      "date": "2024-10-31",
      "quarter": "Q4 2024",
      "revenue": 53299424.303004876,
      "earnings": 11222490.913439913,
      "eps_actual": 0.012549681544847804,
      "eps_estimate": 0.012672957109431022,
      "surprise_percent": -0.9727450627247685,
      "price_on_date": 1.3713780355745324,
      "revenue_growth": 27.846417833383168,
      "earnings_growth": 22.586444719525783
    },
    {
      "date": "2024-08-02",
      "quarter": "Q3 2024",
      "revenue": 50634453.08785463,
      "earnings": 10661366.367767917,
      "eps_actual": 0.011922197467605413,
      "eps_estimate": 0.011515916400334175,
      "surprise_percent": 3.5279959765898345,
      "price_on_date": 1.334560925092182,
      "revenue_growth": 27.76456377453268,
      "earnings_growth": 30.52218821272481
    },
    {
      "date": "2024-05-04",
      "quarter": "Q2 2024",
      "revenue": 48102730.43346189,
      "earnings": 10128298.04937952,
      "eps_actual": 0.011326087594225142,
      "eps_estimate": 0.011476208657629496,
      "surprise_percent": -1.308106778840696,
      "price_on_date": 1.2209536230435507,
      "revenue_growth": 26.143286648088704,
      "earnings_growth": 26.41656671969104
    },
    {
      "date": "2024-02-04",
      "quarter": "Q1 2024",
      "revenue": 45697593.9117888,
      "earnings": 9621883.146910544,
      "eps_actual": 0.010759783214513884,
      "eps_estimate": 0.010676218382391332,
      "surprise_percent": 0.7827193967892144,
      "price_on_date": 1.2689491503521164,
      "revenue_growth": 29.461768635654753,
      "earnings_growth": 28.52862372717516
    },
    {
      "date": "2023-11-06",
      "quarter": "Q4 2023",
      "revenue": 43412714.21619935,
      "earnings": 9140788.989565017,
      "eps_actual": 0.01022179405378819,
      "eps_estimate": 0.010383287587412323,
      "surprise_percent": -1.5553217828610661,
      "price_on_date": 1.216581688032266,
      "revenue_growth": 24.965894281917645,
      "earnings_growth": 25.49001017141026
    }
  ],
  "metrics": {
    "revenue_trend": [
      {
        "date": "2025-07-28",
        "value": 62165825.10920528
      },
      {
        "date": "2025-04-29",
        "value": 59057533.85374501
      },
      {
        "date": "2025-01-29",
        "value": 56104657.16105776
      },
      {
        "date": "2024-10-31",
        "value": 53299424.303004876
      },
      {
        "date": "2024-08-02",
        "value": 50634453.08785463
      },
      {
        "date": "2024-05-04",
        "value": 48102730.43346189
      },
      {
        "date": "2024-02-04",
        "value": 45697593.9117888
      },
      {
        "date": "2023-11-06",
        "value": 43412714.21619935
      }
    ],
    "eps_trend": [
      {
        "date": "2025-07-28",
        "value": 0.01463733085854825
      },
      {
        "date": "2025-04-29",
        "value": 0.013905464315620836
      },
      {
        "date": "2025-01-29",
        "value": 0.013210191099839794
      },
      {
        "date": "2024-10-31",
        "value": 0.012549681544847804
      },
      {
        "date": "2024-08-02",
        "value": 0.011922197467605413
      },
      {
        "date": "2024-05-04",
        "value": 0.011326087594225142
      },
      {
        "date": "2024-02-04",
        "value": 0.010759783214513884
      },
      {
        "date": "2023-11-06",
        "value": 0.01022179405378819
      }
    ],
    "earnings_dates": [
      "2025-07-28",
      "2025-04-29",
      "2025-01-29",
      "2024-10-31",
      "2024-08-02",
      "2024-05-04",
      "2024-02-04",
      "2023-11-06"
    ]
  },
  "analysis": {
    "avg_revenue_growth": 26.032048159914854,
    "avg_earnings_surprise": 1.0174236915526123,
    "consistency_score": 80,
    "trend_direction": "growing"
  }
}