{
  "ticker": "IFF",
  "quarters": [
    {
      "date": "2025-07-28",
      "quarter": "Q3 2025",
      "revenue": 19071712.414665867,
      "earnings": 2978962.469259083,
      "eps_actual": 0.0018394755857448525,
      "eps_estimate": 0.0017718436439766007,
      "surprise_percent": 3.8170378068159234,
      "price_on_date": 1.0816632505213954,
      "revenue_growth": 37.8695284514986,
      "earnings_growth": 31.60129136548112
    },
    {
      "date": "2025-04-29",
      "quarter": "Q2 2025",
      "revenue": 18118126.793932572,
      "earnings": 2830014.3457961287,
      "eps_actual": 0.00174750180645761,
      "eps_estimate": 0.0017194751794667989,
      "surprise_percent": 1.6299524020754974,
      "price_on_date": 1.0250639723978814,
      "revenue_growth": 30.49586459885163,
      "earnings_growth": 29.500248630946352
    },
    {
      "date": "2025-01-29",
      "quarter": "Q1 2025",
      "revenue": 17212220.454235945,
      "earnings": 2688513.6285063224,
      "eps_actual": 0.0016601267161347295,
      "eps_estimate": 0.001609155572548358,
      "surprise_percent": 3.1675708959358353,
      "price_on_date": 1.092565788181268,
      "revenue_growth": 30.872023345095158,
      "earnings_growth": 36.19507718625473
    },
    {
      "date": "2024-10-31",
      "quarter": "Q4 2024",
      "revenue": 16351609.431524144,
      "earnings": 2554087.9470810057,
      "eps_actual": 0.0015771203803279926,
      "eps_estimate": 0.001580565380873309,
      "surprise_percent": -0.21796001525813857,
      "price_on_date": 1.0278555235822555,
      "revenue_growth": 27.541765658118088,
      "earnings_growth": 34.1653672940488
    },
    {
      "date": "2024-08-02",
      "quarter": "Q3 2024",
      "revenue": 15534028.959947938,
      "earnings": 2426383.5497269556,
      "eps_actual": 0.001498264361311593,
      "eps_estimate": 0.0014328441804462853,
      "surprise_percent": 4.565756818367474,
      "price_on_date": 0.958886564529103,
      "revenue_growth": 28.31542913258827,
      "earnings_growth": 39.577113437555695
    },
    {
      "date": "2024-05-04",
      "quarter": "Q2 2024",
      "revenue": 14757327.51195054,
      "earnings": 2305064.3722406076,
      "eps_actual": 0.0014233511432460134,
      "eps_estimate": 0.0013602588891567949,
      "surprise_percent": 4.638253393685114,
      "price_on_date": 0.97591002582567,
      "revenue_growth": 35.549851859722345,
      "earnings_growth": 38.995049782184225
    },
    {
      "date": "2024-02-04",
      "quarter": "Q1 2024",
      "revenue": 14019461.136353012,
      "earnings": 2189811.153628577,
      "eps_actual": 0.0013521835860837125,
      "eps_estimate": 0.001303127415942784,
      "surprise_percent": 3.764495285784271,
      "price_on_date": 0.8192710031766658,
      "revenue_growth": 28.83638882907226,
      "earnings_growth": 23.968941587646192
    },
    {
      "date": "2023-11-06",
      "quarter": "Q4 2023",
      "revenue": 13318488.07953536,
      "earnings": 2080320.595947148,
      "eps_actual": 0.0012845744067795269,
      "eps_estimate": 0.0012670262202285254,
      "surprise_percent": 1.3849900081654518,
      "price_on_date": 0.836669418686207,
      "revenue_growth": 30.83978990038661,
      "earnings_growth": 33.39596307647845
    }
  ],
  "metrics": {
    "revenue_trend": [
      {
        "date": "2025-07-28",
        "value": 19071712.414665867
      },
      {
        "date": "2025-04-29",
        "value": 18118126.793932572
      },
      {
        "date": "2025-01-29",
        "value": 17212220.454235945
      },
      {
        "date": "2024-10-31",
        "value": 16351609.431524144
      },
      {
        "date": "2024-08-02",
        "value": 15534028.959947938
      },
      {
        "date": "2024-05-04",
        "value": 14757327.51195054
      },
      {
        "date": "2024-02-04",
        "value": 14019461.136353012
      },
      {
        "date": "2023-11-06",
        "value": 13318488.07953536
      }
    ],
    "eps_trend": [
      {
        "date": "2025-07-28",
        "value": 0.0018394755857448525
      },
      {
        "date": "2025-04-29",
        "value": 0.00174750180645761
      },
      {
        "date": "2025-01-29",
        "value": 0.0016601267161347295
      },
      {
        "date": "2024-10-31",
        "value": 0.0015771203803279926
      },
      {
        "date": "2024-08-02",
        "value": 0.001498264361311593
      },
      {
        "date": "2024-05-04",
        "value": 0.0014233511432460134
      },
      {
        "date": "2024-02-04",
        "value": 0.0013521835860837125
      },
      {
        "date": "2023-11-06",
        "value": 0.0012845744067795269
      }
    ],
    "earnings_dates": [
      "2025-07-28",
      "2025-04-29",
      "2025-01-29",
      "2024-10-31",
      "2024-08-02",
      "2024-05-04",
      "2024-02-04",
      "2023-11-06"
    ]
  },
  "analysis": {
    "avg_revenue_growth": 31.694795513390872,
    "avg_earnings_surprise": 2.0991502723922792,
    "consistency_score": 92,
    "trend_direction": "growing"
  }
}