{
  "ticker": "INCY",
  "quarters": [
    {
      "date": "2025-07-28",
      "quarter": "Q3 2025",
      "revenue": 102676093.78050405,
      "earnings": 11553718.855767693,
      "eps_actual": 0.0026184403731452587,
      "eps_estimate": 0.0025042465983762287,
      "surprise_percent": 4.560005186512945,
      "price_on_date": 0.2245278589648528,
      "revenue_growth": -16.7420311946348,
      "earnings_growth": -13.672871901837802
    },
    {
      "date": "2025-04-29",
      "quarter": "Q2 2025",
      "revenue": 97542289.09147884,
      "earnings": 10976032.912979309,
      "eps_actual": 0.0024875183544879956,
      "eps_estimate": 0.002454705763916892,
      "surprise_percent": 1.3367219425413115,
      "price_on_date": 0.22933673330443485,
      "revenue_growth": -13.685121220439136,
      "earnings_growth": -18.13152251965727
    },
    {
      "date": "2025-01-29",
      "quarter": "Q1 2025",
      "revenue": 92665174.6369049,
      "earnings": 10427231.267330343,
      "eps_actual": 0.0023631424367635957,
      "eps_estimate": 0.0023407373707046947,
      "surprise_percent": 0.9571798331290732,
      "price_on_date": 0.20335704343656297,
      "revenue_growth": -17.11417354259994,
      "earnings_growth": -11.238702357556843
    },
    {
      "date": "2024-10-31",
      "quarter": "Q4 2024",
      "revenue": 88031915.90505965,
      "earnings": 9905869.703963825,
      "eps_actual": 0.0022449853149254157,
      "eps_estimate": 0.0022623453341027084,
      "surprise_percent": -0.7673461215494768,
      "price_on_date": 0.19487753592952897,
      "revenue_growth": -15.605035867308557,
      "earnings_growth": -18.43173924108135
    },
    {
      "date": "2024-08-02",
      "quarter": "Q3 2024",
      "revenue": 83630320.10980666,
      "earnings": 9410576.218765633,
      "eps_actual": 0.002132736049179145,
      "eps_estimate": 0.00215162445693407,
      "surprise_percent": -0.8778673106291048,
      "price_on_date": 0.19808646820325154,
      "revenue_growth": -17.91139928334479,
      "earnings_growth": -12.057876838139725
    },
    {
      "date": "2024-05-04",
      "quarter": "Q2 2024",
      "revenue": 79448804.10431632,
      "earnings": 8940047.407827351,
      "eps_actual": 0.0020260992467201876,
      "eps_estimate": 0.00205147101511905,
      "surprise_percent": -1.2367597792937928,
      "price_on_date": 0.1835583408242971,
      "revenue_growth": -14.172027845330968,
      "earnings_growth": -19.43684218140624
    },
    {
      "date": "2024-02-04",
      "quarter": "Q1 2024",
      "revenue": 75476363.8991005,
      "earnings": 8493045.037435982,
      "eps_actual": 0.001924794284384178,
      "eps_estimate": 0.0019359517136549572,
      "surprise_percent": -0.5763278697542864,
      "price_on_date": 0.19073251732776014,
      "revenue_growth": -18.449817069861105,
      "earnings_growth": -20.33673898680608
    },
    {
      "date": "2023-11-06",
      "quarter": "Q4 2023",
      "revenue": 71702545.70414548,
      "earnings": 8068392.785564184,
      "eps_actual": 0.0018285545701649693,
      "eps_estimate": 0.00185372231023836,
      "surprise_percent": -1.3576866359317115,
      "price_on_date": 0.18716983023910533,
      "revenue_growth": -17.64942257170183,
      "earnings_growth": -12.501040726131242
    }
  ],
  "metrics": {
    "revenue_trend": [
      {
        "date": "2025-07-28",
        "value": 102676093.78050405
      },
      {
        "date": "2025-04-29",
        "value": 97542289.09147884
      },
      {
        "date": "2025-01-29",
        "value": 92665174.6369049
      },
      {
        "date": "2024-10-31",
        "value": 88031915.90505965
      },
      {
        "date": "2024-08-02",
        "value": 83630320.10980666
      },
      {
        "date": "2024-05-04",
        "value": 79448804.10431632
      },
      {
        "date": "2024-02-04",
        "value": 75476363.8991005
      },
      {
        "date": "2023-11-06",
        "value": 71702545.70414548
      }
    ],
    "eps_trend": [
      {
        "date": "2025-07-28",
        "value": 0.0026184403731452587
      },
      {
        "date": "2025-04-29",
        "value": 0.0024875183544879956
      },
      {
        "date": "2025-01-29",
        "value": 0.0023631424367635957
      },
      {
        "date": "2024-10-31",
        "value": 0.0022449853149254157
      },
      {
        "date": "2024-08-02",
        "value": 0.002132736049179145
      },
      {
        "date": "2024-05-04",
        "value": 0.0020260992467201876
      },
      {
        "date": "2024-02-04",
        "value": 0.001924794284384178
      },
      {
        "date": "2023-11-06",
        "value": 0.0018285545701649693
      }
    ],
    "earnings_dates": [
      "2025-07-28",
      "2025-04-29",
      "2025-01-29",
      "2024-10-31",
      "2024-08-02",
      "2024-05-04",
      "2024-02-04",
      "2023-11-06"
    ]
  },
  "analysis": {
    "avg_revenue_growth": -15.786590456245609,
    "avg_earnings_surprise": 1.5216402101584632,
    "consistency_score": 80,
    "trend_direction": "declining"
  }
}