{
  "ticker": "INTC",
  "quarters": [
    {
      "date": "2025-07-28",
      "quarter": "Q3 2025",
      "revenue": 1697158068.465615,
      "earnings": 139772514.29373586,
      "eps_actual": 0.04926154180017885,
      "eps_estimate": 0.04687133689616575,
      "surprise_percent": 5.099502302031901,
      "price_on_date": 8.692001229569009,
      "revenue_growth": 12.850727629992807,
      "earnings_growth": 13.64024164923636
    },
    {
      "date": "2025-04-29",
      "quarter": "Q2 2025",
      "revenue": 1612300165.0423343,
      "earnings": 132783888.57904907,
      "eps_actual": 0.046798464710169914,
      "eps_estimate": 0.046542699026454575,
      "surprise_percent": 0.5495291185626424,
      "price_on_date": 7.165901152006745,
      "revenue_growth": 12.309440476381162,
      "earnings_growth": 16.869846783778797
    },
    {
      "date": "2025-01-29",
      "quarter": "Q1 2025",
      "revenue": 1531685156.7902174,
      "earnings": 126144694.1500966,
      "eps_actual": 0.04445854147466141,
      "eps_estimate": 0.04484267419660069,
      "surprise_percent": -0.8566231359333176,
      "price_on_date": 7.994293376924526,
      "revenue_growth": 11.256886357772798,
      "earnings_growth": 10.422527337954543
    },
    {
      "date": "2024-10-31",
      "quarter": "Q4 2024",
      "revenue": 1455100898.9507065,
      "earnings": 119837459.44259177,
      "eps_actual": 0.042235614400928344,
      "eps_estimate": 0.04101240992200751,
      "surprise_percent": 2.9825228052849755,
      "price_on_date": 6.656535123236547,
      "revenue_growth": 15.338148252714607,
      "earnings_growth": 13.1391224034439
    },
    {
      "date": "2024-08-02",
      "quarter": "Q3 2024",
      "revenue": 1382345854.0031712,
      "earnings": 113845586.47046219,
      "eps_actual": 0.040123833680881925,
      "eps_estimate": 0.04068163679668424,
      "surprise_percent": -1.371142263990171,
      "price_on_date": 6.174145526969747,
      "revenue_growth": 13.029509888047313,
      "earnings_growth": 12.869232991771513
    },
    {
      "date": "2024-05-04",
      "quarter": "Q2 2024",
      "revenue": 1313228561.3030124,
      "earnings": 108153307.14693905,
      "eps_actual": 0.03811764199683782,
      "eps_estimate": 0.0384175111816886,
      "surprise_percent": -0.7805533873149804,
      "price_on_date": 6.426088974304573,
      "revenue_growth": 12.390583988467254,
      "earnings_growth": 17.111325694439998
    },
    {
      "date": "2024-02-04",
      "quarter": "Q1 2024",
      "revenue": 1247567133.2378619,
      "earnings": 102745641.7895921,
      "eps_actual": 0.03621175989699593,
      "eps_estimate": 0.036422327483355825,
      "surprise_percent": -0.578127760934876,
      "price_on_date": 5.8027650975433325,
      "revenue_growth": 13.896929744110938,
      "earnings_growth": 11.27643005296478
    },
    {
      "date": "2023-11-06",
      "quarter": "Q4 2023",
      "revenue": 1185188776.5759685,
      "earnings": 97608359.70011248,
      "eps_actual": 0.03440117190214613,
      "eps_estimate": 0.03417715013428882,
      "surprise_percent": 0.6554723462227957,
      "price_on_date": 6.00731008976764,
      "revenue_growth": 13.07415314777132,
      "earnings_growth": 9.621494376066217
    }
  ],
  "metrics": {
    "revenue_trend": [
      {
        "date": "2025-07-28",
        "value": 1697158068.465615
      },
      {
        "date": "2025-04-29",
        "value": 1612300165.0423343
      },
      {
        "date": "2025-01-29",
        "value": 1531685156.7902174
      },
      {
        "date": "2024-10-31",
        "value": 1455100898.9507065
      },
      {
        "date": "2024-08-02",
        "value": 1382345854.0031712
      },
      {
        "date": "2024-05-04",
        "value": 1313228561.3030124
      },
      {
        "date": "2024-02-04",
        "value": 1247567133.2378619
      },
      {
        "date": "2023-11-06",
        "value": 1185188776.5759685
      }
    ],
    "eps_trend": [
      {
        "date": "2025-07-28",
        "value": 0.04926154180017885
      },
      {
        "date": "2025-04-29",
        "value": 0.046798464710169914
      },
      {
        "date": "2025-01-29",
        "value": 0.04445854147466141
      },
      {
        "date": "2024-10-31",
        "value": 0.042235614400928344
      },
      {
        "date": "2024-08-02",
        "value": 0.040123833680881925
      },
      {
        "date": "2024-05-04",
        "value": 0.03811764199683782
      },
      {
        "date": "2024-02-04",
        "value": 0.03621175989699593
      },
      {
        "date": "2023-11-06",
        "value": 0.03440117190214613
      }
    ],
    "earnings_dates": [
      "2025-07-28",
      "2025-04-29",
      "2025-01-29",
      "2024-10-31",
      "2024-08-02",
      "2024-05-04",
      "2024-02-04",
      "2023-11-06"
    ]
  },
  "analysis": {
    "avg_revenue_growth": 12.938800679215344,
    "avg_earnings_surprise": 1.94373277248655,
    "consistency_score": 95,
    "trend_direction": "growing"
  }
}