{
  "ticker": "INTU",
  "quarters": [
    {
      "date": "2025-07-28",
      "quarter": "Q3 2025",
      "revenue": 97589810.54083633,
      "earnings": 7355340.209806574,
      "eps_actual": 0.0133472159848185,
      "eps_estimate": 0.013350273170905863,
      "surprise_percent": -0.022899801736085718,
      "price_on_date": 0.8500703560956024,
      "revenue_growth": -16.378117265375778,
      "earnings_growth": -16.75074053383702
    },
    {
      "date": "2025-04-29",
      "quarter": "Q2 2025",
      "revenue": 92710320.01379451,
      "earnings": 6987573.199316245,
      "eps_actual": 0.012679855185577574,
      "eps_estimate": 0.012213106829761082,
      "surprise_percent": 3.821700426619643,
      "price_on_date": 0.7181705880219685,
      "revenue_growth": -11.474649816842739,
      "earnings_growth": -13.375367209480753
    },
    {
      "date": "2025-01-29",
      "quarter": "Q1 2025",
      "revenue": 88074804.01310478,
      "earnings": 6638194.539350432,
      "eps_actual": 0.012045862426298695,
      "eps_estimate": 0.011605537505450503,
      "surprise_percent": 3.7940932993529555,
      "price_on_date": 0.7930163515407842,
      "revenue_growth": -16.00732609896021,
      "earnings_growth": -11.0109469239204
    },
    {
      "date": "2024-10-31",
      "quarter": "Q4 2024",
      "revenue": 83671063.81244954,
      "earnings": 6306284.81238291,
      "eps_actual": 0.01144356930498376,
      "eps_estimate": 0.010905861505808105,
      "surprise_percent": 4.9304477128128665,
      "price_on_date": 0.7519439618975685,
      "revenue_growth": -16.519853820203632,
      "earnings_growth": -16.994491508784595
    },
    {
      "date": "2024-08-02",
      "quarter": "Q3 2024",
      "revenue": 79487510.62182707,
      "earnings": 5990970.571763765,
      "eps_actual": 0.010871390839734572,
      "eps_estimate": 0.010488806756985285,
      "surprise_percent": 3.647546299720844,
      "price_on_date": 0.6761526208472083,
      "revenue_growth": -11.557724444080485,
      "earnings_growth": -15.270057241672381
    },
    {
      "date": "2024-05-04",
      "quarter": "Q2 2024",
      "revenue": 75513135.0907357,
      "earnings": 5691422.043175576,
      "eps_actual": 0.010327821297747843,
      "eps_estimate": 0.009905893236550278,
      "surprise_percent": 4.259364109041224,
      "price_on_date": 0.6325052561116062,
      "revenue_growth": -16.65591828697351,
      "earnings_growth": -16.575911594985154
    },
    {
      "date": "2024-02-04",
      "quarter": "Q1 2024",
      "revenue": 71737478.33619891,
      "earnings": 5406850.941016797,
      "eps_actual": 0.009811430232860449,
      "eps_estimate": 0.009935603697069098,
      "surprise_percent": -1.249782781143725,
      "price_on_date": 0.569584545111602,
      "revenue_growth": -14.458163654136863,
      "earnings_growth": -16.410943321859918
    },
    {
      "date": "2023-11-06",
      "quarter": "Q4 2023",
      "revenue": 68150604.41938896,
      "earnings": 5136508.393965957,
      "eps_actual": 0.009320858721217427,
      "eps_estimate": 0.00906076583333287,
      "surprise_percent": 2.8705397829367163,
      "price_on_date": 0.5861157278700809,
      "revenue_growth": -14.587847077130618,
      "earnings_growth": -16.15497246251309
    }
  ],
  "metrics": {
    "revenue_trend": [
      {
        "date": "2025-07-28",
        "value": 97589810.54083633
      },
      {
        "date": "2025-04-29",
        "value": 92710320.01379451
      },
      {
        "date": "2025-01-29",
        "value": 88074804.01310478
      },
      {
        "date": "2024-10-31",
        "value": 83671063.81244954
      },
      {
        "date": "2024-08-02",
        "value": 79487510.62182707
      },
      {
        "date": "2024-05-04",
        "value": 75513135.0907357
      },
      {
        "date": "2024-02-04",
        "value": 71737478.33619891
      },
      {
        "date": "2023-11-06",
        "value": 68150604.41938896
      }
    ],
    "eps_trend": [
      {
        "date": "2025-07-28",
        "value": 0.0133472159848185
      },
      {
        "date": "2025-04-29",
        "value": 0.012679855185577574
      },
      {
        "date": "2025-01-29",
        "value": 0.012045862426298695
      },
      {
        "date": "2024-10-31",
        "value": 0.01144356930498376
      },
      {
        "date": "2024-08-02",
        "value": 0.010871390839734572
      },
      {
        "date": "2024-05-04",
        "value": 0.010327821297747843
      },
      {
        "date": "2024-02-04",
        "value": 0.009811430232860449
      },
      {
        "date": "2023-11-06",
        "value": 0.009320858721217427
      }
    ],
    "earnings_dates": [
      "2025-07-28",
      "2025-04-29",
      "2025-01-29",
      "2024-10-31",
      "2024-08-02",
      "2024-05-04",
      "2024-02-04",
      "2023-11-06"
    ]
  },
  "analysis": {
    "avg_revenue_growth": -15.09498675034559,
    "avg_earnings_surprise": 3.130835409262345,
    "consistency_score": 88,
    "trend_direction": "declining"
  }
}