{
  "ticker": "INVH",
  "quarters": [
    {
      "date": "2025-07-28",
      "quarter": "Q3 2025",
      "revenue": 101125132.79978886,
      "earnings": 8200959.967573369,
      "eps_actual": 0.0025488793780401634,
      "eps_estimate": 0.002543935672437649,
      "surprise_percent": 0.19433296431497696,
      "price_on_date": 0.2468866685408343,
      "revenue_growth": -9.467177029692401,
      "earnings_growth": -8.721283286639586
    },
    {
      "date": "2025-04-29",
      "quarter": "Q2 2025",
      "revenue": 96068876.15979941,
      "earnings": 7790911.9691947,
      "eps_actual": 0.002421435409138155,
      "eps_estimate": 0.0023279212952675506,
      "surprise_percent": 4.01706509840819,
      "price_on_date": 0.25014524598175975,
      "revenue_growth": -10.740301724161673,
      "earnings_growth": -10.42222308240698
    },
    {
      "date": "2025-01-29",
      "quarter": "Q1 2025",
      "revenue": 91265432.35180944,
      "earnings": 7401366.370734965,
      "eps_actual": 0.0023003636386812474,
      "eps_estimate": 0.0023358610563548312,
      "surprise_percent": -1.5196716250314335,
      "price_on_date": 0.22793676653685666,
      "revenue_growth": -12.903181581042057,
      "earnings_growth": -9.743843786020673
    },
    {
      "date": "2024-10-31",
      "quarter": "Q4 2024",
      "revenue": 86702160.73421897,
      "earnings": 7031298.052198217,
      "eps_actual": 0.002185345456747185,
      "eps_estimate": 0.002097064144866457,
      "surprise_percent": 4.209757345612815,
      "price_on_date": 0.21011822843502143,
      "revenue_growth": -12.723573083504295,
      "earnings_growth": -11.178411243662518
    },
    {
      "date": "2024-08-02",
      "quarter": "Q3 2024",
      "revenue": 82367052.697508,
      "earnings": 6679733.149588305,
      "eps_actual": 0.002076078183909825,
      "eps_estimate": 0.0020395932581072523,
      "surprise_percent": 1.7888334185037946,
      "price_on_date": 0.1863189077655754,
      "revenue_growth": -8.664514190067273,
      "earnings_growth": -13.349937317914522
    },
    {
      "date": "2024-05-04",
      "quarter": "Q2 2024",
      "revenue": 78248700.0626326,
      "earnings": 6345746.49210889,
      "eps_actual": 0.001972274274714334,
      "eps_estimate": 0.0019343614884853146,
      "surprise_percent": 1.9599638668730355,
      "price_on_date": 0.18112732106373744,
      "revenue_growth": -11.905679292966303,
      "earnings_growth": -13.720714533860821
    },
    {
      "date": "2024-02-04",
      "quarter": "Q1 2024",
      "revenue": 74336265.05950098,
      "earnings": 6028459.167503445,
      "eps_actual": 0.0018736605609786176,
      "eps_estimate": 0.0017836495435496226,
      "surprise_percent": 5.046451964429345,
      "price_on_date": 0.2009457902945857,
      "revenue_growth": -8.974762061709008,
      "earnings_growth": -8.196647776189625
    },
    {
      "date": "2023-11-06",
      "quarter": "Q4 2023",
      "revenue": 70619451.80652592,
      "earnings": 5727036.209128272,
      "eps_actual": 0.0017799775329296861,
      "eps_estimate": 0.0017373017284153232,
      "surprise_percent": 2.456441723182398,
      "price_on_date": 0.189421632085753,
      "revenue_growth": -10.693682606965874,
      "earnings_growth": -13.177647518590762
    }
  ],
  "metrics": {
    "revenue_trend": [
      {
        "date": "2025-07-28",
        "value": 101125132.79978886
      },
      {
        "date": "2025-04-29",
        "value": 96068876.15979941
      },
      {
        "date": "2025-01-29",
        "value": 91265432.35180944
      },
      {
        "date": "2024-10-31",
        "value": 86702160.73421897
      },
      {
        "date": "2024-08-02",
        "value": 82367052.697508
      },
      {
        "date": "2024-05-04",
        "value": 78248700.0626326
      },
      {
        "date": "2024-02-04",
        "value": 74336265.05950098
      },
      {
        "date": "2023-11-06",
        "value": 70619451.80652592
      }
    ],
    "eps_trend": [
      {
        "date": "2025-07-28",
        "value": 0.0025488793780401634
      },
      {
        "date": "2025-04-29",
        "value": 0.002421435409138155
      },
      {
        "date": "2025-01-29",
        "value": 0.0023003636386812474
      },
      {
        "date": "2024-10-31",
        "value": 0.002185345456747185
      },
      {
        "date": "2024-08-02",
        "value": 0.002076078183909825
      },
      {
        "date": "2024-05-04",
        "value": 0.001972274274714334
      },
      {
        "date": "2024-02-04",
        "value": 0.0018736605609786176
      },
      {
        "date": "2023-11-06",
        "value": 0.0017799775329296861
      }
    ],
    "earnings_dates": [
      "2025-07-28",
      "2025-04-29",
      "2025-01-29",
      "2024-10-31",
      "2024-08-02",
      "2024-05-04",
      "2024-02-04",
      "2023-11-06"
    ]
  },
  "analysis": {
    "avg_revenue_growth": -11.458558354600108,
    "avg_earnings_surprise": 1.725370945826137,
    "consistency_score": 95,
    "trend_direction": "declining"
  }
}