{
  "ticker": "IP",
  "quarters": [
    {
      "date": "2025-07-28",
      "quarter": "Q3 2025",
      "revenue": 79902749.74659309,
      "earnings": 32702015.425377376,
      "eps_actual": 0.013139367838197356,
      "eps_estimate": 0.01293986770888776,
      "surprise_percent": 1.5417478277043681,
      "price_on_date": 0.2331045217537487,
      "revenue_growth": 40.18783793972418,
      "earnings_growth": 39.199922818142866
    },
    {
      "date": "2025-04-29",
      "quarter": "Q2 2025",
      "revenue": 75907612.25926343,
      "earnings": 31066914.654108506,
      "eps_actual": 0.012482399446287488,
      "eps_estimate": 0.012068457070482496,
      "surprise_percent": 3.429952755248458,
      "price_on_date": 0.22799445636241772,
      "revenue_growth": 30.279961251359293,
      "earnings_growth": 26.726343025392875
    },
    {
      "date": "2025-01-29",
      "quarter": "Q1 2025",
      "revenue": 72112231.64630026,
      "earnings": 29513568.92140308,
      "eps_actual": 0.011858279473973114,
      "eps_estimate": 0.01130591871133757,
      "surprise_percent": 4.885589369058847,
      "price_on_date": 0.2227646030712504,
      "revenue_growth": 35.54573658111828,
      "earnings_growth": 32.494071253272686
    },
    {
      "date": "2024-10-31",
      "quarter": "Q4 2024",
      "revenue": 68506620.06398524,
      "earnings": 28037890.475332927,
      "eps_actual": 0.011265365500274458,
      "eps_estimate": 0.01143186014738532,
      "surprise_percent": -1.4564090617303567,
      "price_on_date": 0.22313550996485182,
      "revenue_growth": 36.48457627503903,
      "earnings_growth": 26.883474308740475
    },
    {
      "date": "2024-08-02",
      "quarter": "Q3 2024",
      "revenue": 65081289.06078598,
      "earnings": 26635995.95156628,
      "eps_actual": 0.010702097225260734,
      "eps_estimate": 0.010424880112087302,
      "surprise_percent": 2.6591875416582313,
      "price_on_date": 0.19114776131575556,
      "revenue_growth": 42.62926361278694,
      "earnings_growth": 34.04962055094431
    },
    {
      "date": "2024-05-04",
      "quarter": "Q2 2024",
      "revenue": 61827224.60774667,
      "earnings": 25304196.15398796,
      "eps_actual": 0.010166992363997695,
      "eps_estimate": 0.01028557156411991,
      "surprise_percent": -1.152869331402708,
      "price_on_date": 0.20148488812329424,
      "revenue_growth": 38.23897713696285,
      "earnings_growth": 31.52155224208104
    },
    {
      "date": "2024-02-04",
      "quarter": "Q1 2024",
      "revenue": 58735863.37735934,
      "earnings": 24038986.346288566,
      "eps_actual": 0.009658642745797813,
      "eps_estimate": 0.00972039562469293,
      "surprise_percent": -0.6352918263763458,
      "price_on_date": 0.1673901667624044,
      "revenue_growth": 32.42327915630335,
      "earnings_growth": 47.380030887655984
    },
    {
      "date": "2023-11-06",
      "quarter": "Q4 2023",
      "revenue": 55799070.20849136,
      "earnings": 22837037.02897413,
      "eps_actual": 0.00917571060850792,
      "eps_estimate": 0.008897949221264223,
      "surprise_percent": 3.1216337645522367,
      "price_on_date": 0.1638103889872532,
      "revenue_growth": 32.04636837716179,
      "earnings_growth": 45.48110238676799
    }
  ],
  "metrics": {
    "revenue_trend": [
      {
        "date": "2025-07-28",
        "value": 79902749.74659309
      },
      {
        "date": "2025-04-29",
        "value": 75907612.25926343
      },
      {
        "date": "2025-01-29",
        "value": 72112231.64630026
      },
      {
        "date": "2024-10-31",
        "value": 68506620.06398524
      },
      {
        "date": "2024-08-02",
        "value": 65081289.06078598
      },
      {
        "date": "2024-05-04",
        "value": 61827224.60774667
      },
      {
        "date": "2024-02-04",
        "value": 58735863.37735934
      },
      {
        "date": "2023-11-06",
        "value": 55799070.20849136
      }
    ],
    "eps_trend": [
      {
        "date": "2025-07-28",
        "value": 0.013139367838197356
      },
      {
        "date": "2025-04-29",
        "value": 0.012482399446287488
      },
      {
        "date": "2025-01-29",
        "value": 0.011858279473973114
      },
      {
        "date": "2024-10-31",
        "value": 0.011265365500274458
      },
      {
        "date": "2024-08-02",
        "value": 0.010702097225260734
      },
      {
        "date": "2024-05-04",
        "value": 0.010166992363997695
      },
      {
        "date": "2024-02-04",
        "value": 0.009658642745797813
      },
      {
        "date": "2023-11-06",
        "value": 0.00917571060850792
      }
    ],
    "earnings_dates": [
      "2025-07-28",
      "2025-04-29",
      "2025-01-29",
      "2024-10-31",
      "2024-08-02",
      "2024-05-04",
      "2024-02-04",
      "2023-11-06"
    ]
  },
  "analysis": {
    "avg_revenue_growth": 35.6245280118102,
    "avg_earnings_surprise": 2.100220222570329,
    "consistency_score": 64,
    "trend_direction": "growing"
  }
}