{
  "ticker": "IPG",
  "quarters": [
    {
      "date": "2025-07-28",
      "quarter": "Q3 2025",
      "revenue": 37777802.12987599,
      "earnings": 900851.2913285147,
      "eps_actual": 0.0001989428898156607,
      "eps_estimate": 0.00018928805613230594,
      "surprise_percent": 5.100603746813466,
      "price_on_date": 0.2670813969375301,
      "revenue_growth": 22.664015569655746,
      "earnings_growth": 25.724169230386774
    },
    {
      "date": "2025-04-29",
      "quarter": "Q2 2025",
      "revenue": 35888912.02338219,
      "earnings": 855808.726762089,
      "eps_actual": 0.00018899574532487768,
      "eps_estimate": 0.00018086916949061095,
      "surprise_percent": 4.493068584963334,
      "price_on_date": 0.2526311326213411,
      "revenue_growth": 21.74201445987471,
      "earnings_growth": 17.312919047511336
    },
    {
      "date": "2025-01-29",
      "quarter": "Q1 2025",
      "revenue": 34094466.42221308,
      "earnings": 813018.2904239844,
      "eps_actual": 0.00017954595805863376,
      "eps_estimate": 0.00017499687727492012,
      "surprise_percent": 2.5995211197780566,
      "price_on_date": 0.2262024696493787,
      "revenue_growth": 19.805442381439633,
      "earnings_growth": 17.982184026922948
    },
    {
      "date": "2024-10-31",
      "quarter": "Q4 2024",
      "revenue": 32389743.10110242,
      "earnings": 772367.3759027851,
      "eps_actual": 0.00017056866015570206,
      "eps_estimate": 0.00016838229391174294,
      "surprise_percent": 1.2984537703857963,
      "price_on_date": 0.21072467708617013,
      "revenue_growth": 20.60690364472164,
      "earnings_growth": 21.926754875977117
    },
    {
      "date": "2024-08-02",
      "quarter": "Q3 2024",
      "revenue": 30770255.9460473,
      "earnings": 733749.0071076459,
      "eps_actual": 0.00016204022714791694,
      "eps_estimate": 0.00015956622609556969,
      "surprise_percent": 1.5504540734487857,
      "price_on_date": 0.2216926644005682,
      "revenue_growth": 18.010131650552587,
      "earnings_growth": 25.74861958537777
    },
    {
      "date": "2024-05-04",
      "quarter": "Q2 2024",
      "revenue": 29231743.14874493,
      "earnings": 697061.5567522635,
      "eps_actual": 0.0001539382157905211,
      "eps_estimate": 0.00014966525201129364,
      "surprise_percent": 2.8550139206026346,
      "price_on_date": 0.1877772892933922,
      "revenue_growth": 22.125071283475247,
      "earnings_growth": 23.010697635538513
    },
    {
      "date": "2024-02-04",
      "quarter": "Q1 2024",
      "revenue": 27770155.991307683,
      "earnings": 662208.4789146503,
      "eps_actual": 0.00014624130500099503,
      "eps_estimate": 0.00014116269281481617,
      "surprise_percent": 3.5977014074400104,
      "price_on_date": 0.19689553474877097,
      "revenue_growth": 25.324912047079376,
      "earnings_growth": 26.859097571347018
    },
    {
      "date": "2023-11-06",
      "quarter": "Q4 2023",
      "revenue": 26381648.191742297,
      "earnings": 629098.0549689177,
      "eps_actual": 0.00013892923975094526,
      "eps_estimate": 0.00013377836911900652,
      "surprise_percent": 3.85030155910828,
      "price_on_date": 0.199785590342831,
      "revenue_growth": 17.574200564171072,
      "earnings_growth": 18.995276302422887
    }
  ],
  "metrics": {
    "revenue_trend": [
      {
        "date": "2025-07-28",
        "value": 37777802.12987599
      },
      {
        "date": "2025-04-29",
        "value": 35888912.02338219
      },
      {
        "date": "2025-01-29",
        "value": 34094466.42221308
      },
      {
        "date": "2024-10-31",
        "value": 32389743.10110242
      },
      {
        "date": "2024-08-02",
        "value": 30770255.9460473
      },
      {
        "date": "2024-05-04",
        "value": 29231743.14874493
      },
      {
        "date": "2024-02-04",
        "value": 27770155.991307683
      },
      {
        "date": "2023-11-06",
        "value": 26381648.191742297
      }
    ],
    "eps_trend": [
      {
        "date": "2025-07-28",
        "value": 0.0001989428898156607
      },
      {
        "date": "2025-04-29",
        "value": 0.00018899574532487768
      },
      {
        "date": "2025-01-29",
        "value": 0.00017954595805863376
      },
      {
        "date": "2024-10-31",
        "value": 0.00017056866015570206
      },
      {
        "date": "2024-08-02",
        "value": 0.00016204022714791694
      },
      {
        "date": "2024-05-04",
        "value": 0.0001539382157905211
      },
      {
        "date": "2024-02-04",
        "value": 0.00014624130500099503
      },
      {
        "date": "2023-11-06",
        "value": 0.00013892923975094526
      }
    ],
    "earnings_dates": [
      "2025-07-28",
      "2025-04-29",
      "2025-01-29",
      "2024-10-31",
      "2024-08-02",
      "2024-05-04",
      "2024-02-04",
      "2023-11-06"
    ]
  },
  "analysis": {
    "avg_revenue_growth": 21.204594013922932,
    "avg_earnings_surprise": 3.3729118054851632,
    "consistency_score": 88,
    "trend_direction": "growing"
  }
}