{
  "ticker": "IQV",
  "quarters": [
    {
      "date": "2025-07-28",
      "quarter": "Q3 2025",
      "revenue": 121916925.94072466,
      "earnings": 1867047.2214807125,
      "eps_actual": 0.0007056571359116968,
      "eps_estimate": 0.0006860452649432569,
      "surprise_percent": 2.858684691900314,
      "price_on_date": 0.7043051047378683,
      "revenue_growth": 21.777603407815423,
      "earnings_growth": 32.54141198379973
    },
    {
      "date": "2025-04-29",
      "quarter": "Q2 2025",
      "revenue": 115821079.64368841,
      "earnings": 1773694.8604066768,
      "eps_actual": 0.0006703742791161119,
      "eps_estimate": 0.0006707634706297709,
      "surprise_percent": -0.05802216887178369,
      "price_on_date": 0.686703763211884,
      "revenue_growth": 23.245466293594806,
      "earnings_growth": 19.143090316819336
    },
    {
      "date": "2025-01-29",
      "quarter": "Q1 2025",
      "revenue": 110030025.661504,
      "earnings": 1685010.117386343,
      "eps_actual": 0.0006368555651603063,
      "eps_estimate": 0.0006285103549892132,
      "surprise_percent": 1.3277760827403244,
      "price_on_date": 0.6872976764870079,
      "revenue_growth": 23.44636585040686,
      "earnings_growth": 20.423813666177075
    },
    {
      "date": "2024-10-31",
      "quarter": "Q4 2024",
      "revenue": 104528524.37842879,
      "earnings": 1600759.6115170256,
      "eps_actual": 0.000605012786902291,
      "eps_estimate": 0.0006162225844268667,
      "surprise_percent": -1.8191150093925426,
      "price_on_date": 0.6344767951702512,
      "revenue_growth": 21.63798632533905,
      "earnings_growth": 30.723477989863284
    },
    {
      "date": "2024-08-02",
      "quarter": "Q3 2024",
      "revenue": 99302098.15950735,
      "earnings": 1520721.6309411745,
      "eps_actual": 0.0005747621475571765,
      "eps_estimate": 0.0005661959124016523,
      "surprise_percent": 1.5129454254073447,
      "price_on_date": 0.6076839110297046,
      "revenue_growth": 24.864028189743422,
      "earnings_growth": 30.413076225422405
    },
    {
      "date": "2024-05-04",
      "quarter": "Q2 2024",
      "revenue": 94336993.25153196,
      "earnings": 1444685.5493941153,
      "eps_actual": 0.0005460240401793174,
      "eps_estimate": 0.0005568638983266999,
      "surprise_percent": -1.9465902135072461,
      "price_on_date": 0.6141345327809747,
      "revenue_growth": 29.497319946442282,
      "earnings_growth": 20.347830920609795
    },
    {
      "date": "2024-02-04",
      "quarter": "Q1 2024",
      "revenue": 89620143.58895537,
      "earnings": 1372451.2719244098,
      "eps_actual": 0.0005187228381703517,
      "eps_estimate": 0.0005130445183337517,
      "surprise_percent": 1.1067889108418558,
      "price_on_date": 0.5166378859609311,
      "revenue_growth": 25.19930143817302,
      "earnings_growth": 33.026925624952675
    },
    {
      "date": "2023-11-06",
      "quarter": "Q4 2023",
      "revenue": 85139136.40950759,
      "earnings": 1303828.708328189,
      "eps_actual": 0.000492786696261834,
      "eps_estimate": 0.0004894279958627701,
      "surprise_percent": 0.6862501588498516,
      "price_on_date": 0.539307367819084,
      "revenue_growth": 26.42740707100182,
      "earnings_growth": 21.31384543608934
    }
  ],
  "metrics": {
    "revenue_trend": [
      {
        "date": "2025-07-28",
        "value": 121916925.94072466
      },
      {
        "date": "2025-04-29",
        "value": 115821079.64368841
      },
      {
        "date": "2025-01-29",
        "value": 110030025.661504
      },
      {
        "date": "2024-10-31",
        "value": 104528524.37842879
      },
      {
        "date": "2024-08-02",
        "value": 99302098.15950735
      },
      {
        "date": "2024-05-04",
        "value": 94336993.25153196
      },
      {
        "date": "2024-02-04",
        "value": 89620143.58895537
      },
      {
        "date": "2023-11-06",
        "value": 85139136.40950759
      }
    ],
    "eps_trend": [
      {
        "date": "2025-07-28",
        "value": 0.0007056571359116968
      },
      {
        "date": "2025-04-29",
        "value": 0.0006703742791161119
      },
      {
        "date": "2025-01-29",
        "value": 0.0006368555651603063
      },
      {
        "date": "2024-10-31",
        "value": 0.000605012786902291
      },
      {
        "date": "2024-08-02",
        "value": 0.0005747621475571765
      },
      {
        "date": "2024-05-04",
        "value": 0.0005460240401793174
      },
      {
        "date": "2024-02-04",
        "value": 0.0005187228381703517
      },
      {
        "date": "2023-11-06",
        "value": 0.000492786696261834
      }
    ],
    "earnings_dates": [
      "2025-07-28",
      "2025-04-29",
      "2025-01-29",
      "2024-10-31",
      "2024-08-02",
      "2024-05-04",
      "2024-02-04",
      "2023-11-06"
    ]
  },
  "analysis": {
    "avg_revenue_growth": 22.526855469289032,
    "avg_earnings_surprise": 0.577330899094078,
    "consistency_score": 91,
    "trend_direction": "growing"
  }
}