{
  "ticker": "IR",
  "quarters": [
    {
      "date": "2025-07-28",
      "quarter": "Q3 2025",
      "revenue": 81086000.6267197,
      "earnings": 12408534.42097716,
      "eps_actual": 0.004402286063090991,
      "eps_estimate": 0.004443684792064897,
      "surprise_percent": -0.9316306378848483,
      "price_on_date": 0.7548801169776104,
      "revenue_growth": -17.004986857109696,
      "earnings_growth": -14.673255782258726
    },
    {
      "date": "2025-04-29",
      "quarter": "Q2 2025",
      "revenue": 77031700.5953837,
      "earnings": 11788107.6999283,
      "eps_actual": 0.00418217175993644,
      "eps_estimate": 0.004246397569029742,
      "surprise_percent": -1.5124775306419602,
      "price_on_date": 0.6953030297561819,
      "revenue_growth": -21.34159594197366,
      "earnings_growth": -13.97509945567736
    },
    {
      "date": "2025-01-29",
      "quarter": "Q1 2025",
      "revenue": 73180115.56561452,
      "earnings": 11198702.314931886,
      "eps_actual": 0.0039730631719396186,
      "eps_estimate": 0.003910276977291022,
      "surprise_percent": 1.6056712865412814,
      "price_on_date": 0.5766653920313835,
      "revenue_growth": -15.97595536174183,
      "earnings_growth": -13.334083338460418
    },
    {
      "date": "2024-10-31",
      "quarter": "Q4 2024",
      "revenue": 69521109.78733379,
      "earnings": 10638767.199185291,
      "eps_actual": 0.0037744100133426375,
      "eps_estimate": 0.0037965623878341566,
      "surprise_percent": -0.5834850643441274,
      "price_on_date": 0.607421302389655,
      "revenue_growth": -16.974573791583737,
      "earnings_growth": -13.318969584233631
    },
    {
      "date": "2024-08-02",
      "quarter": "Q3 2024",
      "revenue": 66045054.2979671,
      "earnings": 10106828.839226026,
      "eps_actual": 0.0035856895126755053,
      "eps_estimate": 0.0034790665492169448,
      "surprise_percent": 3.0647003140126436,
      "price_on_date": 0.5109725940873786,
      "revenue_growth": -16.710299325801724,
      "earnings_growth": -21.33907823566462
    },
    {
      "date": "2024-05-04",
      "quarter": "Q2 2024",
      "revenue": 62742801.583068736,
      "earnings": 9601487.397264723,
      "eps_actual": 0.0034064050370417294,
      "eps_estimate": 0.0034413728843392566,
      "surprise_percent": -1.016101668513059,
      "price_on_date": 0.4835499881398046,
      "revenue_growth": -17.358652517163854,
      "earnings_growth": -19.64845063804518
    },
    {
      "date": "2024-02-04",
      "quarter": "Q1 2024",
      "revenue": 59605661.5039153,
      "earnings": 9121413.027401488,
      "eps_actual": 0.0032360847851896435,
      "eps_estimate": 0.0032940605115688282,
      "surprise_percent": -1.760007934753245,
      "price_on_date": 0.5193071124632247,
      "revenue_growth": -15.153307958601113,
      "earnings_growth": -14.49657245949169
    },
    {
      "date": "2023-11-06",
      "quarter": "Q4 2023",
      "revenue": 56625378.42871953,
      "earnings": 8665342.376031412,
      "eps_actual": 0.003074280545930161,
      "eps_estimate": 0.0031341364674191507,
      "surprise_percent": -1.9098058464020577,
      "price_on_date": 0.5011786122878193,
      "revenue_growth": -15.84347241258867,
      "earnings_growth": -16.43212115705575
    }
  ],
  "metrics": {
    "revenue_trend": [
      {
        "date": "2025-07-28",
        "value": 81086000.6267197
      },
      {
        "date": "2025-04-29",
        "value": 77031700.5953837
      },
      {
        "date": "2025-01-29",
        "value": 73180115.56561452
      },
      {
        "date": "2024-10-31",
        "value": 69521109.78733379
      },
      {
        "date": "2024-08-02",
        "value": 66045054.2979671
      },
      {
        "date": "2024-05-04",
        "value": 62742801.583068736
      },
      {
        "date": "2024-02-04",
        "value": 59605661.5039153
      },
      {
        "date": "2023-11-06",
        "value": 56625378.42871953
      }
    ],
    "eps_trend": [
      {
        "date": "2025-07-28",
        "value": 0.004402286063090991
      },
      {
        "date": "2025-04-29",
        "value": 0.00418217175993644
      },
      {
        "date": "2025-01-29",
        "value": 0.0039730631719396186
      },
      {
        "date": "2024-10-31",
        "value": 0.0037744100133426375
      },
      {
        "date": "2024-08-02",
        "value": 0.0035856895126755053
      },
      {
        "date": "2024-05-04",
        "value": 0.0034064050370417294
      },
      {
        "date": "2024-02-04",
        "value": 0.0032360847851896435
      },
      {
        "date": "2023-11-06",
        "value": 0.003074280545930161
      }
    ],
    "earnings_dates": [
      "2025-07-28",
      "2025-04-29",
      "2025-01-29",
      "2024-10-31",
      "2024-08-02",
      "2024-05-04",
      "2024-02-04",
      "2023-11-06"
    ]
  },
  "analysis": {
    "avg_revenue_growth": -17.82427798810223,
    "avg_earnings_surprise": -0.3554804865824136,
    "consistency_score": 90,
    "trend_direction": "declining"
  }
}