{
  "ticker": "IRM",
  "quarters": [
    {
      "date": "2025-07-28",
      "quarter": "Q3 2025",
      "revenue": 43386131.50640258,
      "earnings": 9954011.311247028,
      "eps_actual": 0.01149761151242266,
      "eps_estimate": 0.011417932138868032,
      "surprise_percent": 0.6978441681518589,
      "price_on_date": 1.8118075862149001,
      "revenue_growth": 18.21475541990516,
      "earnings_growth": 22.24888292499933
    },
    {
      "date": "2025-04-29",
      "quarter": "Q2 2025",
      "revenue": 41216824.93108245,
      "earnings": 9456310.745684676,
      "eps_actual": 0.010922730936801526,
      "eps_estimate": 0.011063388136177977,
      "surprise_percent": -1.2713754380224067,
      "price_on_date": 1.6683010971356163,
      "revenue_growth": 22.844596743810847,
      "earnings_growth": 16.956365470347873
    },
    {
      "date": "2025-01-29",
      "quarter": "Q1 2025",
      "revenue": 39155983.68452833,
      "earnings": 8983495.208400443,
      "eps_actual": 0.010376594389961451,
      "eps_estimate": 0.0098869307824503,
      "surprise_percent": 4.952635133041739,
      "price_on_date": 1.4737770320335826,
      "revenue_growth": 24.919637427104853,
      "earnings_growth": 24.978345194165943
    },
    {
      "date": "2024-10-31",
      "quarter": "Q4 2024",
      "revenue": 37198184.50030191,
      "earnings": 8534320.44798042,
      "eps_actual": 0.009857764670463377,
      "eps_estimate": 0.00995617074207055,
      "surprise_percent": -0.9883927682291531,
      "price_on_date": 1.5648415039960015,
      "revenue_growth": 23.071672972060213,
      "earnings_growth": 21.455617609450805
    },
    {
      "date": "2024-08-02",
      "quarter": "Q3 2024",
      "revenue": 35338275.275286816,
      "earnings": 8107604.425581399,
      "eps_actual": 0.009364876436940209,
      "eps_estimate": 0.009335607329371455,
      "surprise_percent": 0.31352119402739537,
      "price_on_date": 1.5170771994026409,
      "revenue_growth": 18.10419076435291,
      "earnings_growth": 22.388836201292953
    },
    {
      "date": "2024-05-04",
      "quarter": "Q2 2024",
      "revenue": 33571361.511522464,
      "earnings": 7702224.204302327,
      "eps_actual": 0.008896632615093195,
      "eps_estimate": 0.008881173074386293,
      "surprise_percent": 0.17407093159222176,
      "price_on_date": 1.2638138698263062,
      "revenue_growth": 18.03081415123373,
      "earnings_growth": 24.186714956619003
    },
    {
      "date": "2024-02-04",
      "quarter": "Q1 2024",
      "revenue": 31892793.435946345,
      "earnings": 7317112.994087212,
      "eps_actual": 0.008451800984338537,
      "eps_estimate": 0.008373758073895345,
      "surprise_percent": 0.9319938521568409,
      "price_on_date": 1.158579503004655,
      "revenue_growth": 19.359939803740073,
      "earnings_growth": 18.743111641874393
    },
    {
      "date": "2023-11-06",
      "quarter": "Q4 2023",
      "revenue": 30298153.764149025,
      "earnings": 6951257.34438285,
      "eps_actual": 0.008029210935121609,
      "eps_estimate": 0.007791762904736987,
      "surprise_percent": 3.0474237125498944,
      "price_on_date": 1.1901929413680696,
      "revenue_growth": 23.35724571076295,
      "earnings_growth": 23.30599009019226
    }
  ],
  "metrics": {
    "revenue_trend": [
      {
        "date": "2025-07-28",
        "value": 43386131.50640258
      },
      {
        "date": "2025-04-29",
        "value": 41216824.93108245
      },
      {
        "date": "2025-01-29",
        "value": 39155983.68452833
      },
      {
        "date": "2024-10-31",
        "value": 37198184.50030191
      },
      {
        "date": "2024-08-02",
        "value": 35338275.275286816
      },
      {
        "date": "2024-05-04",
        "value": 33571361.511522464
      },
      {
        "date": "2024-02-04",
        "value": 31892793.435946345
      },
      {
        "date": "2023-11-06",
        "value": 30298153.764149025
      }
    ],
    "eps_trend": [
      {
        "date": "2025-07-28",
        "value": 0.01149761151242266
      },
      {
        "date": "2025-04-29",
        "value": 0.010922730936801526
      },
      {
        "date": "2025-01-29",
        "value": 0.010376594389961451
      },
      {
        "date": "2024-10-31",
        "value": 0.009857764670463377
      },
      {
        "date": "2024-08-02",
        "value": 0.009364876436940209
      },
      {
        "date": "2024-05-04",
        "value": 0.008896632615093195
      },
      {
        "date": "2024-02-04",
        "value": 0.008451800984338537
      },
      {
        "date": "2023-11-06",
        "value": 0.008029210935121609
      }
    ],
    "earnings_dates": [
      "2025-07-28",
      "2025-04-29",
      "2025-01-29",
      "2024-10-31",
      "2024-08-02",
      "2024-05-04",
      "2024-02-04",
      "2023-11-06"
    ]
  },
  "analysis": {
    "avg_revenue_growth": 22.262665640720268,
    "avg_earnings_surprise": 0.8476777737355095,
    "consistency_score": 80,
    "trend_direction": "growing"
  }
}