{
  "ticker": "ISRG",
  "quarters": [
    {
      "date": "2025-07-28",
      "quarter": "Q3 2025",
      "revenue": 351074384.0284652,
      "earnings": 39584352.30258311,
      "eps_actual": 0.04269233550826493,
      "eps_estimate": 0.04066402101634034,
      "surprise_percent": 4.987983089792163,
      "price_on_date": 80.4215689060486,
      "revenue_growth": 26.139913923466352,
      "earnings_growth": 20.791849298094487
    },
    {
      "date": "2025-04-29",
      "quarter": "Q2 2025",
      "revenue": 333520664.8270419,
      "earnings": 37605134.687453955,
      "eps_actual": 0.04055771873285168,
      "eps_estimate": 0.03926580500956324,
      "surprise_percent": 3.2901750593774772,
      "price_on_date": 65.93160802969746,
      "revenue_growth": 18.351868302909896,
      "earnings_growth": 22.659392218159986
    },
    {
      "date": "2025-01-29",
      "quarter": "Q1 2025",
      "revenue": 316844631.58568984,
      "earnings": 35724877.95308126,
      "eps_actual": 0.0385298327962091,
      "eps_estimate": 0.03916874218109686,
      "surprise_percent": -1.631171565157135,
      "price_on_date": 62.42290793113107,
      "revenue_growth": 23.602957149934642,
      "earnings_growth": 16.60809489807703
    },
    {
      "date": "2024-10-31",
      "quarter": "Q4 2024",
      "revenue": 301002400.0064053,
      "earnings": 33938634.055427186,
      "eps_actual": 0.036603341156398635,
      "eps_estimate": 0.03483137311701205,
      "surprise_percent": 5.08727586889514,
      "price_on_date": 58.77753981707309,
      "revenue_growth": 24.454104230871987,
      "earnings_growth": 25.841400132984656
    },
    {
      "date": "2024-08-02",
      "quarter": "Q3 2024",
      "revenue": 285952280.00608504,
      "earnings": 32241702.352655828,
      "eps_actual": 0.034773174098578705,
      "eps_estimate": 0.03436819196933777,
      "surprise_percent": 1.1783632074746557,
      "price_on_date": 67.87207430328361,
      "revenue_growth": 25.32716350465287,
      "earnings_growth": 28.191917138376496
    },
    {
      "date": "2024-05-04",
      "quarter": "Q2 2024",
      "revenue": 271654666.00578076,
      "earnings": 30629617.235023033,
      "eps_actual": 0.033034515393649766,
      "eps_estimate": 0.03224008034100583,
      "surprise_percent": 2.4641224346872983,
      "price_on_date": 57.537547947165336,
      "revenue_growth": 24.370059051012685,
      "earnings_growth": 24.41995800158884
    },
    {
      "date": "2024-02-04",
      "quarter": "Q1 2024",
      "revenue": 258071932.70549172,
      "earnings": 29098136.373271883,
      "eps_actual": 0.031382789623967275,
      "eps_estimate": 0.030957476973889512,
      "surprise_percent": 1.3738608299264337,
      "price_on_date": 57.49263016181178,
      "revenue_growth": 23.531822254108548,
      "earnings_growth": 24.984206935689425
    },
    {
      "date": "2023-11-06",
      "quarter": "Q4 2023",
      "revenue": 245168336.0702171,
      "earnings": 27643229.554608285,
      "eps_actual": 0.029813650142768912,
      "eps_estimate": 0.02903060348123443,
      "surprise_percent": 2.6973144462554797,
      "price_on_date": 57.56333573663358,
      "revenue_growth": 19.38757068909624,
      "earnings_growth": 21.512032067957772
    }
  ],
  "metrics": {
    "revenue_trend": [
      {
        "date": "2025-07-28",
        "value": 351074384.0284652
      },
      {
        "date": "2025-04-29",
        "value": 333520664.8270419
      },
      {
        "date": "2025-01-29",
        "value": 316844631.58568984
      },
      {
        "date": "2024-10-31",
        "value": 301002400.0064053
      },
      {
        "date": "2024-08-02",
        "value": 285952280.00608504
      },
      {
        "date": "2024-05-04",
        "value": 271654666.00578076
      },
      {
        "date": "2024-02-04",
        "value": 258071932.70549172
      },
      {
        "date": "2023-11-06",
        "value": 245168336.0702171
      }
    ],
    "eps_trend": [
      {
        "date": "2025-07-28",
        "value": 0.04269233550826493
      },
      {
        "date": "2025-04-29",
        "value": 0.04055771873285168
      },
      {
        "date": "2025-01-29",
        "value": 0.0385298327962091
      },
      {
        "date": "2024-10-31",
        "value": 0.036603341156398635
      },
      {
        "date": "2024-08-02",
        "value": 0.034773174098578705
      },
      {
        "date": "2024-05-04",
        "value": 0.033034515393649766
      },
      {
        "date": "2024-02-04",
        "value": 0.031382789623967275
      },
      {
        "date": "2023-11-06",
        "value": 0.029813650142768912
      }
    ],
    "earnings_dates": [
      "2025-07-28",
      "2025-04-29",
      "2025-01-29",
      "2024-10-31",
      "2024-08-02",
      "2024-05-04",
      "2024-02-04",
      "2023-11-06"
    ]
  },
  "analysis": {
    "avg_revenue_growth": 23.13721090179572,
    "avg_earnings_surprise": 2.933565613226911,
    "consistency_score": 87,
    "trend_direction": "growing"
  }
}