{
  "ticker": "IT",
  "quarters": [
    {
      "date": "2025-07-28",
      "quarter": "Q3 2025",
      "revenue": 28516840.352415115,
      "earnings": 548890.0462967879,
      "eps_actual": 0.00019837662965286555,
      "eps_estimate": 0.00019777800842354844,
      "surprise_percent": 0.3026733022991794,
      "price_on_date": 0.19537988811770066,
      "revenue_growth": 46.54684895250216,
      "earnings_growth": 62.82732635443723
    },
    {
      "date": "2025-04-29",
      "quarter": "Q2 2025",
      "revenue": 27090998.334794357,
      "earnings": 521445.5439819485,
      "eps_actual": 0.00018845779817022227,
      "eps_estimate": 0.0001889744737613491,
      "surprise_percent": -0.2734102552809929,
      "price_on_date": 0.18682143940258944,
      "revenue_growth": 51.6718534367875,
      "earnings_growth": 56.87082978905972
    },
    {
      "date": "2025-01-29",
      "quarter": "Q1 2025",
      "revenue": 25736448.41805464,
      "earnings": 495373.26678285113,
      "eps_actual": 0.00017903490826171116,
      "eps_estimate": 0.00017364673408838422,
      "surprise_percent": 3.102951634313154,
      "price_on_date": 0.18431348961767208,
      "revenue_growth": 48.1256638612109,
      "earnings_growth": 47.08338182688775
    },
    {
      "date": "2024-10-31",
      "quarter": "Q4 2024",
      "revenue": 24449625.997151908,
      "earnings": 470604.60344370856,
      "eps_actual": 0.0001700831628486256,
      "eps_estimate": 0.00016582325483826963,
      "surprise_percent": 2.568944877189115,
      "price_on_date": 0.18538503769854936,
      "revenue_growth": 40.30629974453068,
      "earnings_growth": 63.823681706033454
    },
    {
      "date": "2024-08-02",
      "quarter": "Q3 2024",
      "revenue": 23227144.69729431,
      "earnings": 447074.37327152304,
      "eps_actual": 0.0001615790047061943,
      "eps_estimate": 0.00015729093512305896,
      "surprise_percent": 2.726202612871811,
      "price_on_date": 0.1654829465831091,
      "revenue_growth": 55.12095478606926,
      "earnings_growth": 40.762826386549975
    },
    {
      "date": "2024-05-04",
      "quarter": "Q2 2024",
      "revenue": 22065787.46242959,
      "earnings": 424720.65460794687,
      "eps_actual": 0.00015350005447088458,
      "eps_estimate": 0.0001556918008041987,
      "surprise_percent": -1.4077467933398193,
      "price_on_date": 0.1766077920383575,
      "revenue_growth": 53.48471405291675,
      "earnings_growth": 36.199846290849905
    },
    {
      "date": "2024-02-04",
      "quarter": "Q1 2024",
      "revenue": 20962498.089308113,
      "earnings": 403484.6218775495,
      "eps_actual": 0.00014582505174734033,
      "eps_estimate": 0.0001411084280335749,
      "surprise_percent": 3.3425528010581886,
      "price_on_date": 0.16843803702488078,
      "revenue_growth": 54.52440748234568,
      "earnings_growth": 50.76537975317183
    },
    {
      "date": "2023-11-06",
      "quarter": "Q4 2023",
      "revenue": 19914373.184842706,
      "earnings": 383310.39078367205,
      "eps_actual": 0.00013853379915997331,
      "eps_estimate": 0.00013413926755246513,
      "surprise_percent": 3.2760963196622352,
      "price_on_date": 0.14744586661782016,
      "revenue_growth": 40.0529977601525,
      "earnings_growth": 52.05965908874417
    }
  ],
  "metrics": {
    "revenue_trend": [
      {
        "date": "2025-07-28",
        "value": 28516840.352415115
      },
      {
        "date": "2025-04-29",
        "value": 27090998.334794357
      },
      {
        "date": "2025-01-29",
        "value": 25736448.41805464
      },
      {
        "date": "2024-10-31",
        "value": 24449625.997151908
      },
      {
        "date": "2024-08-02",
        "value": 23227144.69729431
      },
      {
        "date": "2024-05-04",
        "value": 22065787.46242959
      },
      {
        "date": "2024-02-04",
        "value": 20962498.089308113
      },
      {
        "date": "2023-11-06",
        "value": 19914373.184842706
      }
    ],
    "eps_trend": [
      {
        "date": "2025-07-28",
        "value": 0.00019837662965286555
      },
      {
        "date": "2025-04-29",
        "value": 0.00018845779817022227
      },
      {
        "date": "2025-01-29",
        "value": 0.00017903490826171116
      },
      {
        "date": "2024-10-31",
        "value": 0.0001700831628486256
      },
      {
        "date": "2024-08-02",
        "value": 0.0001615790047061943
      },
      {
        "date": "2024-05-04",
        "value": 0.00015350005447088458
      },
      {
        "date": "2024-02-04",
        "value": 0.00014582505174734033
      },
      {
        "date": "2023-11-06",
        "value": 0.00013853379915997331
      }
    ],
    "earnings_dates": [
      "2025-07-28",
      "2025-04-29",
      "2025-01-29",
      "2024-10-31",
      "2024-08-02",
      "2024-05-04",
      "2024-02-04",
      "2023-11-06"
    ]
  },
  "analysis": {
    "avg_revenue_growth": 46.662666498757815,
    "avg_earnings_surprise": 1.4252898896301138,
    "consistency_score": 67,
    "trend_direction": "growing"
  }
}