{
  "ticker": "ITW",
  "quarters": [
    {
      "date": "2025-07-28",
      "quarter": "Q3 2025",
      "revenue": 16208087.048081055,
      "earnings": 1371883.6439417964,
      "eps_actual": 0.0008343225932953488,
      "eps_estimate": 0.0008142723007553923,
      "surprise_percent": 2.462357189524447,
      "price_on_date": 0.8774301509918286,
      "revenue_growth": -12.371250911357903,
      "earnings_growth": -13.03685172934974
    },
    {
      "date": "2025-04-29",
      "quarter": "Q2 2025",
      "revenue": 15397682.695677001,
      "earnings": 1303289.4617447064,
      "eps_actual": 0.0007926064636305813,
      "eps_estimate": 0.0007957622337434487,
      "surprise_percent": -0.3965719883465713,
      "price_on_date": 0.7015795365250141,
      "revenue_growth": -13.141995746924625,
      "earnings_growth": -15.418113686158653
    },
    {
      "date": "2025-01-29",
      "quarter": "Q1 2025",
      "revenue": 14627798.560893152,
      "earnings": 1238124.988657471,
      "eps_actual": 0.0007529761404490522,
      "eps_estimate": 0.0007642320956357714,
      "surprise_percent": -1.4728451279392214,
      "price_on_date": 0.7831480503983107,
      "revenue_growth": -10.227863022467607,
      "earnings_growth": -11.636910748997726
    },
    {
      "date": "2024-10-31",
      "quarter": "Q4 2024",
      "revenue": 13896408.632848494,
      "earnings": 1176218.7392245976,
      "eps_actual": 0.0007153273334265997,
      "eps_estimate": 0.0006834042274829064,
      "surprise_percent": 4.6711894161485485,
      "price_on_date": 0.7309162445172076,
      "revenue_growth": -13.003499319908787,
      "earnings_growth": -14.881286817464204
    },
    {
      "date": "2024-08-02",
      "quarter": "Q3 2024",
      "revenue": 13201588.201206068,
      "earnings": 1117407.8022633675,
      "eps_actual": 0.0006795609667552695,
      "eps_estimate": 0.0006643385246503674,
      "surprise_percent": 2.2913682618230657,
      "price_on_date": 0.7037597092402801,
      "revenue_growth": -14.28123289542271,
      "earnings_growth": -9.533936631848134
    },
    {
      "date": "2024-05-04",
      "quarter": "Q2 2024",
      "revenue": 12541508.791145762,
      "earnings": 1061537.412150199,
      "eps_actual": 0.000645582918417506,
      "eps_estimate": 0.0006504062629737099,
      "surprise_percent": -0.7415895004072078,
      "price_on_date": 0.6599108660971973,
      "revenue_growth": -14.460977586595142,
      "earnings_growth": -10.78133422287338
    },
    {
      "date": "2024-02-04",
      "quarter": "Q1 2024",
      "revenue": 11914433.351588475,
      "earnings": 1008460.5415426891,
      "eps_actual": 0.0006133037724966307,
      "eps_estimate": 0.0006156820374465621,
      "surprise_percent": -0.3862813603909648,
      "price_on_date": 0.543216267441096,
      "revenue_growth": -14.972245627304442,
      "earnings_growth": -14.524749744609728
    },
    {
      "date": "2023-11-06",
      "quarter": "Q4 2023",
      "revenue": 11318711.68400905,
      "earnings": 958037.5144655545,
      "eps_actual": 0.0005826385838717991,
      "eps_estimate": 0.00057093885751601,
      "surprise_percent": 2.04920828242296,
      "price_on_date": 0.5598254901697373,
      "revenue_growth": -11.034054686053302,
      "earnings_growth": -14.082387253515432
    }
  ],
  "metrics": {
    "revenue_trend": [
      {
        "date": "2025-07-28",
        "value": 16208087.048081055
      },
      {
        "date": "2025-04-29",
        "value": 15397682.695677001
      },
      {
        "date": "2025-01-29",
        "value": 14627798.560893152
      },
      {
        "date": "2024-10-31",
        "value": 13896408.632848494
      },
      {
        "date": "2024-08-02",
        "value": 13201588.201206068
      },
      {
        "date": "2024-05-04",
        "value": 12541508.791145762
      },
      {
        "date": "2024-02-04",
        "value": 11914433.351588475
      },
      {
        "date": "2023-11-06",
        "value": 11318711.68400905
      }
    ],
    "eps_trend": [
      {
        "date": "2025-07-28",
        "value": 0.0008343225932953488
      },
      {
        "date": "2025-04-29",
        "value": 0.0007926064636305813
      },
      {
        "date": "2025-01-29",
        "value": 0.0007529761404490522
      },
      {
        "date": "2024-10-31",
        "value": 0.0007153273334265997
      },
      {
        "date": "2024-08-02",
        "value": 0.0006795609667552695
      },
      {
        "date": "2024-05-04",
        "value": 0.000645582918417506
      },
      {
        "date": "2024-02-04",
        "value": 0.0006133037724966307
      },
      {
        "date": "2023-11-06",
        "value": 0.0005826385838717991
      }
    ],
    "earnings_dates": [
      "2025-07-28",
      "2025-04-29",
      "2025-01-29",
      "2024-10-31",
      "2024-08-02",
      "2024-05-04",
      "2024-02-04",
      "2023-11-06"
    ]
  },
  "analysis": {
    "avg_revenue_growth": -12.186152250164731,
    "avg_earnings_surprise": 1.3160323723468008,
    "consistency_score": 77,
    "trend_direction": "declining"
  }
}