{
  "ticker": "IVZ",
  "quarters": [
    {
      "date": "2025-07-28",
      "quarter": "Q3 2025",
      "revenue": 49554045.48832475,
      "earnings": 4679127.696150243,
      "eps_actual": 0.0009474293898982295,
      "eps_estimate": 0.0009053560917169405,
      "surprise_percent": 4.647154701472227,
      "price_on_date": 0.06002713318505728,
      "revenue_growth": -3.7356861758408018,
      "earnings_growth": -3.9450290755537414
    },
    {
      "date": "2025-04-29",
      "quarter": "Q2 2025",
      "revenue": 47076343.21390851,
      "earnings": 4445171.311342731,
      "eps_actual": 0.0009000579204033181,
      "eps_estimate": 0.000895317908505517,
      "surprise_percent": 0.5294222144749978,
      "price_on_date": 0.062364392914550364,
      "revenue_growth": -3.175796473009316,
      "earnings_growth": -2.706609731133189
    },
    {
      "date": "2025-01-29",
      "quarter": "Q1 2025",
      "revenue": 44722526.05321308,
      "earnings": 4222912.745775594,
      "eps_actual": 0.0008550550243831521,
      "eps_estimate": 0.0008513607144627828,
      "surprise_percent": 0.43393004370662236,
      "price_on_date": 0.051452813126434835,
      "revenue_growth": -3.614194529229753,
      "earnings_growth": -4.022105023127667
    },
    {
      "date": "2024-10-31",
      "quarter": "Q4 2024",
      "revenue": 42486399.75055242,
      "earnings": 4011767.1084868144,
      "eps_actual": 0.0008123022731639946,
      "eps_estimate": 0.0007752261231270882,
      "surprise_percent": 4.782623924920055,
      "price_on_date": 0.055464010254209016,
      "revenue_growth": -3.7019848707797296,
      "earnings_growth": -3.0003491440856873
    },
    {
      "date": "2024-08-02",
      "quarter": "Q3 2024",
      "revenue": 40362079.7630248,
      "earnings": 3811178.7530624736,
      "eps_actual": 0.0007716871595057948,
      "eps_estimate": 0.0007716654454575912,
      "surprise_percent": 0.002813919987142051,
      "price_on_date": 0.04665905803814997,
      "revenue_growth": -3.552212291183621,
      "earnings_growth": -3.2035411895723906
    },
    {
      "date": "2024-05-04",
      "quarter": "Q2 2024",
      "revenue": 38343975.774873555,
      "earnings": 3620619.8154093493,
      "eps_actual": 0.0007331028015305049,
      "eps_estimate": 0.0007246809570170238,
      "surprise_percent": 1.1621451387583814,
      "price_on_date": 0.04999147109555304,
      "revenue_growth": -2.913424531333173,
      "earnings_growth": -2.5098153945514374
    },
    {
      "date": "2024-02-04",
      "quarter": "Q1 2024",
      "revenue": 36426776.98612988,
      "earnings": 3439588.824638882,
      "eps_actual": 0.0006964476614539797,
      "eps_estimate": 0.0007033186390410064,
      "surprise_percent": -0.9769366551120363,
      "price_on_date": 0.040985122694050885,
      "revenue_growth": -3.4445534084679448,
      "earnings_growth": -2.625602344236857
    },
    {
      "date": "2023-11-06",
      "quarter": "Q4 2023",
      "revenue": 34605438.13682338,
      "earnings": 3267609.3834069376,
      "eps_actual": 0.0006616252783812807,
      "eps_estimate": 0.0006590929857247222,
      "surprise_percent": 0.384208709758004,
      "price_on_date": 0.04179288222211216,
      "revenue_growth": -3.305873235677159,
      "earnings_growth": -2.4745562156387395
    }
  ],
  "metrics": {
    "revenue_trend": [
      {
        "date": "2025-07-28",
        "value": 49554045.48832475
      },
      {
        "date": "2025-04-29",
        "value": 47076343.21390851
      },
      {
        "date": "2025-01-29",
        "value": 44722526.05321308
      },
      {
        "date": "2024-10-31",
        "value": 42486399.75055242
      },
      {
        "date": "2024-08-02",
        "value": 40362079.7630248
      },
      {
        "date": "2024-05-04",
        "value": 38343975.774873555
      },
      {
        "date": "2024-02-04",
        "value": 36426776.98612988
      },
      {
        "date": "2023-11-06",
        "value": 34605438.13682338
      }
    ],
    "eps_trend": [
      {
        "date": "2025-07-28",
        "value": 0.0009474293898982295
      },
      {
        "date": "2025-04-29",
        "value": 0.0009000579204033181
      },
      {
        "date": "2025-01-29",
        "value": 0.0008550550243831521
      },
      {
        "date": "2024-10-31",
        "value": 0.0008123022731639946
      },
      {
        "date": "2024-08-02",
        "value": 0.0007716871595057948
      },
      {
        "date": "2024-05-04",
        "value": 0.0007331028015305049
      },
      {
        "date": "2024-02-04",
        "value": 0.0006964476614539797
      },
      {
        "date": "2023-11-06",
        "value": 0.0006616252783812807
      }
    ],
    "earnings_dates": [
      "2025-07-28",
      "2025-04-29",
      "2025-01-29",
      "2024-10-31",
      "2024-08-02",
      "2024-05-04",
      "2024-02-04",
      "2023-11-06"
    ]
  },
  "analysis": {
    "avg_revenue_growth": -3.5569155122149,
    "avg_earnings_surprise": 2.598282721143476,
    "consistency_score": 93,
    "trend_direction": "stable"
  }
}