{
  "ticker": "J",
  "quarters": [
    {
      "date": "2025-07-28",
      "quarter": "Q3 2025",
      "revenue": 112654695.78370735,
      "earnings": 7603887.406802687,
      "eps_actual": 0.012188370238007137,
      "eps_estimate": 0.012270671019062877,
      "surprise_percent": -0.6707113321503179,
      "price_on_date": 2.277055732062449,
      "revenue_growth": 5.587050003883979,
      "earnings_growth": 5.262891428971716
    },
    {
      "date": "2025-04-29",
      "quarter": "Q2 2025",
      "revenue": 107021960.99452198,
      "earnings": 7223693.036462552,
      "eps_actual": 0.01157895172610678,
      "eps_estimate": 0.011033565628627697,
      "surprise_percent": 4.942972343083936,
      "price_on_date": 2.243029808713933,
      "revenue_growth": 3.848887302380804,
      "earnings_growth": 5.723198829257156
    },
    {
      "date": "2025-01-29",
      "quarter": "Q1 2025",
      "revenue": 101670862.94479588,
      "earnings": 6862508.384639424,
      "eps_actual": 0.01100000413980144,
      "eps_estimate": 0.011193149533293431,
      "surprise_percent": -1.725567883440585,
      "price_on_date": 1.922494452402601,
      "revenue_growth": 5.1221794268190814,
      "earnings_growth": 5.044591889264487
    },
    {
      "date": "2024-10-31",
      "quarter": "Q4 2024",
      "revenue": 96587319.79755607,
      "earnings": 6519382.965407453,
      "eps_actual": 0.010450003932811367,
      "eps_estimate": 0.01032555967139968,
      "surprise_percent": 1.2052059682186504,
      "price_on_date": 2.0131849452507837,
      "revenue_growth": 4.916908316184565,
      "earnings_growth": 5.325769799611056
    },
    {
      "date": "2024-08-02",
      "quarter": "Q3 2024",
      "revenue": 91757953.80767827,
      "earnings": 6193413.817137079,
      "eps_actual": 0.009927503736170799,
      "eps_estimate": 0.009474345119850684,
      "surprise_percent": 4.78300727477887,
      "price_on_date": 1.8470590239212579,
      "revenue_growth": 5.161947568746927,
      "earnings_growth": 6.088854397783652
    },
    {
      "date": "2024-05-04",
      "quarter": "Q2 2024",
      "revenue": 87170056.11729434,
      "earnings": 5883743.126280225,
      "eps_actual": 0.009431128549362258,
      "eps_estimate": 0.009399146272509049,
      "surprise_percent": 0.3402678916355572,
      "price_on_date": 1.7373376497995217,
      "revenue_growth": 3.9192435197564115,
      "earnings_growth": 4.98067827922583
    },
    {
      "date": "2024-02-04",
      "quarter": "Q1 2024",
      "revenue": 82811553.31142963,
      "earnings": 5589555.969966214,
      "eps_actual": 0.008959572121894145,
      "eps_estimate": 0.008543519909261721,
      "surprise_percent": 4.869798596494131,
      "price_on_date": 1.6573750785429031,
      "revenue_growth": 4.275257120823844,
      "earnings_growth": 5.905170962880592
    },
    {
      "date": "2023-11-06",
      "quarter": "Q4 2023",
      "revenue": 78670975.64585814,
      "earnings": 5310078.171467902,
      "eps_actual": 0.008511593515799436,
      "eps_estimate": 0.008351861393152683,
      "surprise_percent": 1.9125332081984778,
      "price_on_date": 1.5242341287369268,
      "revenue_growth": 4.001012668842936,
      "earnings_growth": 3.7628517498679916
    }
  ],
  "metrics": {
    "revenue_trend": [
      {
        "date": "2025-07-28",
        "value": 112654695.78370735
      },
      {
        "date": "2025-04-29",
        "value": 107021960.99452198
      },
      {
        "date": "2025-01-29",
        "value": 101670862.94479588
      },
      {
        "date": "2024-10-31",
        "value": 96587319.79755607
      },
      {
        "date": "2024-08-02",
        "value": 91757953.80767827
      },
      {
        "date": "2024-05-04",
        "value": 87170056.11729434
      },
      {
        "date": "2024-02-04",
        "value": 82811553.31142963
      },
      {
        "date": "2023-11-06",
        "value": 78670975.64585814
      }
    ],
    "eps_trend": [
      {
        "date": "2025-07-28",
        "value": 0.012188370238007137
      },
      {
        "date": "2025-04-29",
        "value": 0.01157895172610678
      },
      {
        "date": "2025-01-29",
        "value": 0.01100000413980144
      },
      {
        "date": "2024-10-31",
        "value": 0.010450003932811367
      },
      {
        "date": "2024-08-02",
        "value": 0.009927503736170799
      },
      {
        "date": "2024-05-04",
        "value": 0.009431128549362258
      },
      {
        "date": "2024-02-04",
        "value": 0.008959572121894145
      },
      {
        "date": "2023-11-06",
        "value": 0.008511593515799436
      }
    ],
    "earnings_dates": [
      "2025-07-28",
      "2025-04-29",
      "2025-01-29",
      "2024-10-31",
      "2024-08-02",
      "2024-05-04",
      "2024-02-04",
      "2023-11-06"
    ]
  },
  "analysis": {
    "avg_revenue_growth": 4.868756262317107,
    "avg_earnings_surprise": 0.9379747739279208,
    "consistency_score": 76,
    "trend_direction": "stable"
  }
}