{
  "ticker": "JBHT",
  "quarters": [
    {
      "date": "2025-07-28",
      "quarter": "Q3 2025",
      "revenue": 68075629.24198051,
      "earnings": 3275256.2700985777,
      "eps_actual": 0.00827105407585647,
      "eps_estimate": 0.008231532681849457,
      "surprise_percent": 0.4801219351793161,
      "price_on_date": 4.384888967224981,
      "revenue_growth": -15.623023051362658,
      "earnings_growth": -15.001449484092953
    },
    {
      "date": "2025-04-29",
      "quarter": "Q2 2025",
      "revenue": 64671847.77988148,
      "earnings": 3111493.456593649,
      "eps_actual": 0.007857501372063647,
      "eps_estimate": 0.00789638261765609,
      "surprise_percent": -0.49239313081797564,
      "price_on_date": 3.7254895569585678,
      "revenue_growth": -16.162331886171277,
      "earnings_growth": -14.099089477136618
    },
    {
      "date": "2025-01-29",
      "quarter": "Q1 2025",
      "revenue": 61438255.39088741,
      "earnings": 2955918.7837639665,
      "eps_actual": 0.0074646263034604645,
      "eps_estimate": 0.007126480680456049,
      "surprise_percent": 4.744917416695726,
      "price_on_date": 3.8769308721341846,
      "revenue_growth": -15.308643134888882,
      "earnings_growth": -10.931360758350788
    },
    {
      "date": "2024-10-31",
      "quarter": "Q4 2024",
      "revenue": 58366342.62134303,
      "earnings": 2808122.844575768,
      "eps_actual": 0.007091394988287441,
      "eps_estimate": 0.006997150426460507,
      "surprise_percent": 1.3468991815659268,
      "price_on_date": 3.9150086285302073,
      "revenue_growth": -16.148387418816,
      "earnings_growth": -16.44437625371994
    },
    {
      "date": "2024-08-02",
      "quarter": "Q3 2024",
      "revenue": 55448025.490275875,
      "earnings": 2667716.702346979,
      "eps_actual": 0.006736825238873068,
      "eps_estimate": 0.006504740279137054,
      "surprise_percent": 3.5679358402731425,
      "price_on_date": 3.6241732209311137,
      "revenue_growth": -14.388116803742811,
      "earnings_growth": -16.933247765915137
    },
    {
      "date": "2024-05-04",
      "quarter": "Q2 2024",
      "revenue": 52675624.21576208,
      "earnings": 2534330.8672296302,
      "eps_actual": 0.006399983976929415,
      "eps_estimate": 0.006285608345904237,
      "surprise_percent": 1.819642980137405,
      "price_on_date": 3.3077984686059403,
      "revenue_growth": -11.995976203280138,
      "earnings_growth": -11.752466786905705
    },
    {
      "date": "2024-02-04",
      "quarter": "Q1 2024",
      "revenue": 50041843.00497397,
      "earnings": 2407614.3238681485,
      "eps_actual": 0.006079984778082944,
      "eps_estimate": 0.005933865446876782,
      "surprise_percent": 2.4624645185217284,
      "price_on_date": 3.2363731119042867,
      "revenue_growth": -17.817204997512565,
      "earnings_growth": -11.157363607479992
    },
    {
      "date": "2023-11-06",
      "quarter": "Q4 2023",
      "revenue": 47539750.85472527,
      "earnings": 2287233.607674741,
      "eps_actual": 0.005775985539178796,
      "eps_estimate": 0.005579755867570834,
      "surprise_percent": 3.516814646827751,
      "price_on_date": 3.1438963250781677,
      "revenue_growth": -15.282504125334746,
      "earnings_growth": -18.179306139754175
    }
  ],
  "metrics": {
    "revenue_trend": [
      {
        "date": "2025-07-28",
        "value": 68075629.24198051
      },
      {
        "date": "2025-04-29",
        "value": 64671847.77988148
      },
      {
        "date": "2025-01-29",
        "value": 61438255.39088741
      },
      {
        "date": "2024-10-31",
        "value": 58366342.62134303
      },
      {
        "date": "2024-08-02",
        "value": 55448025.490275875
      },
      {
        "date": "2024-05-04",
        "value": 52675624.21576208
      },
      {
        "date": "2024-02-04",
        "value": 50041843.00497397
      },
      {
        "date": "2023-11-06",
        "value": 47539750.85472527
      }
    ],
    "eps_trend": [
      {
        "date": "2025-07-28",
        "value": 0.00827105407585647
      },
      {
        "date": "2025-04-29",
        "value": 0.007857501372063647
      },
      {
        "date": "2025-01-29",
        "value": 0.0074646263034604645
      },
      {
        "date": "2024-10-31",
        "value": 0.007091394988287441
      },
      {
        "date": "2024-08-02",
        "value": 0.006736825238873068
      },
      {
        "date": "2024-05-04",
        "value": 0.006399983976929415
      },
      {
        "date": "2024-02-04",
        "value": 0.006079984778082944
      },
      {
        "date": "2023-11-06",
        "value": 0.005775985539178796
      }
    ],
    "earnings_dates": [
      "2025-07-28",
      "2025-04-29",
      "2025-01-29",
      "2024-10-31",
      "2024-08-02",
      "2024-05-04",
      "2024-02-04",
      "2023-11-06"
    ]
  },
  "analysis": {
    "avg_revenue_growth": -15.810596372809705,
    "avg_earnings_surprise": 1.5198863506557485,
    "consistency_score": 91,
    "trend_direction": "declining"
  }
}