{
  "ticker": "JBL",
  "quarters": [
    {
      "date": "2025-07-28",
      "quarter": "Q3 2025",
      "revenue": 76693272.8094934,
      "earnings": 5399061.23591273,
      "eps_actual": 0.001181488875514309,
      "eps_estimate": 0.0011555072564371025,
      "surprise_percent": 2.248503324619376,
      "price_on_date": 0.2670540822508347,
      "revenue_growth": -16.76900981094495,
      "earnings_growth": -13.390960852643824
    },
    {
      "date": "2025-04-29",
      "quarter": "Q2 2025",
      "revenue": 72858609.16901872,
      "earnings": 5129108.174117093,
      "eps_actual": 0.0011224144317385932,
      "eps_estimate": 0.0010726445891733028,
      "surprise_percent": 4.639919230250206,
      "price_on_date": 0.2829395171080052,
      "revenue_growth": -16.388687573255567,
      "earnings_growth": -16.71060684369712
    },
    {
      "date": "2025-01-29",
      "quarter": "Q1 2025",
      "revenue": 69215678.71056779,
      "earnings": 4872652.765411238,
      "eps_actual": 0.0010662937101516637,
      "eps_estimate": 0.0010678124347613274,
      "surprise_percent": -0.1422276572386262,
      "price_on_date": 0.26731426577779177,
      "revenue_growth": -15.697763990782274,
      "earnings_growth": -13.64260503174599
    },
    {
      "date": "2024-10-31",
      "quarter": "Q4 2024",
      "revenue": 65754894.77503939,
      "earnings": 4629020.127140676,
      "eps_actual": 0.0010129790246440802,
      "eps_estimate": 0.0009670021996544979,
      "surprise_percent": 4.754572947818466,
      "price_on_date": 0.25793335129948974,
      "revenue_growth": -13.987072912708777,
      "earnings_growth": -17.52571762289086
    },
    {
      "date": "2024-08-02",
      "quarter": "Q3 2024",
      "revenue": 62467150.03628742,
      "earnings": 4397569.120783642,
      "eps_actual": 0.0009623300734118763,
      "eps_estimate": 0.0009436169322881525,
      "surprise_percent": 1.9831290096021015,
      "price_on_date": 0.23258093870756472,
      "revenue_growth": -15.27967950343958,
      "earnings_growth": -11.89190597990526
    },
    {
      "date": "2024-05-04",
      "quarter": "Q2 2024",
      "revenue": 59343792.53447304,
      "earnings": 4177690.6647444596,
      "eps_actual": 0.0009142135697412823,
      "eps_estimate": 0.0009283888245834097,
      "surprise_percent": -1.5268661649916093,
      "price_on_date": 0.198911384552817,
      "revenue_growth": -16.343374214453146,
      "earnings_growth": -14.580084648069011
    },
    {
      "date": "2024-02-04",
      "quarter": "Q1 2024",
      "revenue": 56376602.907749385,
      "earnings": 3968806.131507236,
      "eps_actual": 0.0008685028912542182,
      "eps_estimate": 0.0008801660638318678,
      "surprise_percent": -1.325110460050362,
      "price_on_date": 0.19262637738663996,
      "revenue_growth": -16.602124066525104,
      "earnings_growth": -14.549037529313347
    },
    {
      "date": "2023-11-06",
      "quarter": "Q4 2023",
      "revenue": 53557772.762361914,
      "earnings": 3770365.8249318744,
      "eps_actual": 0.0008250777466915073,
      "eps_estimate": 0.0007915513973125336,
      "surprise_percent": 4.23552399664784,
      "price_on_date": 0.20543940065657174,
      "revenue_growth": -13.506317959526703,
      "earnings_growth": -15.956697706657183
    }
  ],
  "metrics": {
    "revenue_trend": [
      {
        "date": "2025-07-28",
        "value": 76693272.8094934
      },
      {
        "date": "2025-04-29",
        "value": 72858609.16901872
      },
      {
        "date": "2025-01-29",
        "value": 69215678.71056779
      },
      {
        "date": "2024-10-31",
        "value": 65754894.77503939
      },
      {
        "date": "2024-08-02",
        "value": 62467150.03628742
      },
      {
        "date": "2024-05-04",
        "value": 59343792.53447304
      },
      {
        "date": "2024-02-04",
        "value": 56376602.907749385
      },
      {
        "date": "2023-11-06",
        "value": 53557772.762361914
      }
    ],
    "eps_trend": [
      {
        "date": "2025-07-28",
        "value": 0.001181488875514309
      },
      {
        "date": "2025-04-29",
        "value": 0.0011224144317385932
      },
      {
        "date": "2025-01-29",
        "value": 0.0010662937101516637
      },
      {
        "date": "2024-10-31",
        "value": 0.0010129790246440802
      },
      {
        "date": "2024-08-02",
        "value": 0.0009623300734118763
      },
      {
        "date": "2024-05-04",
        "value": 0.0009142135697412823
      },
      {
        "date": "2024-02-04",
        "value": 0.0008685028912542182
      },
      {
        "date": "2023-11-06",
        "value": 0.0008250777466915073
      }
    ],
    "earnings_dates": [
      "2025-07-28",
      "2025-04-29",
      "2025-01-29",
      "2024-10-31",
      "2024-08-02",
      "2024-05-04",
      "2024-02-04",
      "2023-11-06"
    ]
  },
  "analysis": {
    "avg_revenue_growth": -15.710633571922893,
    "avg_earnings_surprise": 2.8751919613623556,
    "consistency_score": 94,
    "trend_direction": "declining"
  }
}