{
  "ticker": "JCI",
  "quarters": [
    {
      "date": "2025-07-28",
      "quarter": "Q3 2025",
      "revenue": 67041599.77092985,
      "earnings": 3696539.068163718,
      "eps_actual": 0.006306839142406606,
      "eps_estimate": 0.006306713104754604,
      "surprise_percent": 0.0019984681387777508,
      "price_on_date": 3.3258461351376463,
      "revenue_growth": 15.982261882548027,
      "earnings_growth": 18.229436131996728
    },
    {
      "date": "2025-04-29",
      "quarter": "Q2 2025",
      "revenue": 63689519.78238335,
      "earnings": 3511712.114755532,
      "eps_actual": 0.005991497185286275,
      "eps_estimate": 0.0058122046468604355,
      "surprise_percent": 3.0847595588824923,
      "price_on_date": 2.6320453697536377,
      "revenue_growth": 17.445125427926254,
      "earnings_growth": 20.030286852615586
    },
    {
      "date": "2025-01-29",
      "quarter": "Q1 2025",
      "revenue": 60505043.79326419,
      "earnings": 3336126.5090177557,
      "eps_actual": 0.005691922326021962,
      "eps_estimate": 0.005770053629827976,
      "surprise_percent": -1.3540828009313157,
      "price_on_date": 2.7087455148999875,
      "revenue_growth": 20.52841752447713,
      "earnings_growth": 15.588574990322508
    },
    {
      "date": "2024-10-31",
      "quarter": "Q4 2024",
      "revenue": 57479791.60360097,
      "earnings": 3169320.1835668674,
      "eps_actual": 0.005407326209720863,
      "eps_estimate": 0.005201528394393192,
      "surprise_percent": 3.956487396079645,
      "price_on_date": 2.6723370277948346,
      "revenue_growth": 17.123210758583554,
      "earnings_growth": 18.6885109254173
    },
    {
      "date": "2024-08-02",
      "quarter": "Q3 2024",
      "revenue": 54605802.02342092,
      "earnings": 3010854.174388524,
      "eps_actual": 0.00513695989923482,
      "eps_estimate": 0.004950496711610999,
      "surprise_percent": 3.7665551253975535,
      "price_on_date": 2.3086189992253408,
      "revenue_growth": 15.415049198511321,
      "earnings_growth": 19.02888400191123
    },
    {
      "date": "2024-05-04",
      "quarter": "Q2 2024",
      "revenue": 51875511.92224987,
      "earnings": 2860311.4656690974,
      "eps_actual": 0.004880111904273078,
      "eps_estimate": 0.004747715553474546,
      "surprise_percent": 2.788632749947273,
      "price_on_date": 2.226096514997966,
      "revenue_growth": 20.604519973866573,
      "earnings_growth": 13.150596326262015
    },
    {
      "date": "2024-02-04",
      "quarter": "Q1 2024",
      "revenue": 49281736.32613738,
      "earnings": 2717295.8923856425,
      "eps_actual": 0.004636106309059424,
      "eps_estimate": 0.004684826246780988,
      "surprise_percent": -1.0399518606488296,
      "price_on_date": 2.0969846740527545,
      "revenue_growth": 17.150835125013575,
      "earnings_growth": 12.170065711622634
    },
    {
      "date": "2023-11-06",
      "quarter": "Q4 2023",
      "revenue": 46817649.509830505,
      "earnings": 2581431.0977663603,
      "eps_actual": 0.004404300993606453,
      "eps_estimate": 0.004358847964817614,
      "surprise_percent": 1.0427761912255922,
      "price_on_date": 2.292004583910102,
      "revenue_growth": 15.378235965766148,
      "earnings_growth": 16.057969201936704
    }
  ],
  "metrics": {
    "revenue_trend": [
      {
        "date": "2025-07-28",
        "value": 67041599.77092985
      },
      {
        "date": "2025-04-29",
        "value": 63689519.78238335
      },
      {
        "date": "2025-01-29",
        "value": 60505043.79326419
      },
      {
        "date": "2024-10-31",
        "value": 57479791.60360097
      },
      {
        "date": "2024-08-02",
        "value": 54605802.02342092
      },
      {
        "date": "2024-05-04",
        "value": 51875511.92224987
      },
      {
        "date": "2024-02-04",
        "value": 49281736.32613738
      },
      {
        "date": "2023-11-06",
        "value": 46817649.509830505
      }
    ],
    "eps_trend": [
      {
        "date": "2025-07-28",
        "value": 0.006306839142406606
      },
      {
        "date": "2025-04-29",
        "value": 0.005991497185286275
      },
      {
        "date": "2025-01-29",
        "value": 0.005691922326021962
      },
      {
        "date": "2024-10-31",
        "value": 0.005407326209720863
      },
      {
        "date": "2024-08-02",
        "value": 0.00513695989923482
      },
      {
        "date": "2024-05-04",
        "value": 0.004880111904273078
      },
      {
        "date": "2024-02-04",
        "value": 0.004636106309059424
      },
      {
        "date": "2023-11-06",
        "value": 0.004404300993606453
      }
    ],
    "earnings_dates": [
      "2025-07-28",
      "2025-04-29",
      "2025-01-29",
      "2024-10-31",
      "2024-08-02",
      "2024-05-04",
      "2024-02-04",
      "2023-11-06"
    ]
  },
  "analysis": {
    "avg_revenue_growth": 17.76975389838374,
    "avg_earnings_surprise": 1.4222906555424,
    "consistency_score": 90,
    "trend_direction": "growing"
  }
}