{
  "ticker": "JKHY",
  "quarters": [
    {
      "date": "2025-07-28",
      "quarter": "Q3 2025",
      "revenue": 44077611.36985409,
      "earnings": 3172974.321168401,
      "eps_actual": 0.0008784185397009687,
      "eps_estimate": 0.0008865328626023555,
      "surprise_percent": -0.9152873225215636,
      "price_on_date": 0.37775763629442616,
      "revenue_growth": 35.752995624708056,
      "earnings_growth": 28.005479583417102
    },
    {
      "date": "2025-04-29",
      "quarter": "Q2 2025",
      "revenue": 41873730.80136139,
      "earnings": 3014325.6051099813,
      "eps_actual": 0.0008344976127159203,
      "eps_estimate": 0.00079387542089813,
      "surprise_percent": 5.116947917575463,
      "price_on_date": 0.35671561507061283,
      "revenue_growth": 32.986005717980305,
      "earnings_growth": 42.64956683987151
    },
    {
      "date": "2025-01-29",
      "quarter": "Q1 2025",
      "revenue": 39780044.261293314,
      "earnings": 2863609.3248544815,
      "eps_actual": 0.0007927727320801241,
      "eps_estimate": 0.0007941861688078865,
      "surprise_percent": -0.1779729719901839,
      "price_on_date": 0.2904504965334576,
      "revenue_growth": 31.14942089905836,
      "earnings_growth": 32.69640428456182
    },
    {
      "date": "2024-10-31",
      "quarter": "Q4 2024",
      "revenue": 37791042.04822865,
      "earnings": 2720428.858611758,
      "eps_actual": 0.000753134095476118,
      "eps_estimate": 0.0007614249126787783,
      "surprise_percent": -1.0888555213530138,
      "price_on_date": 0.27599108561824043,
      "revenue_growth": 36.36461179923163,
      "earnings_growth": 38.53165602383095
    },
    {
      "date": "2024-08-02",
      "quarter": "Q3 2024",
      "revenue": 35901489.94581722,
      "earnings": 2584407.41568117,
      "eps_actual": 0.000715477390702312,
      "eps_estimate": 0.000689897398090743,
      "surprise_percent": 3.7077966495250516,
      "price_on_date": 0.2977379888375612,
      "revenue_growth": 38.84175440761398,
      "earnings_growth": 27.172468767110896
    },
    {
      "date": "2024-05-04",
      "quarter": "Q2 2024",
      "revenue": 34106415.448526345,
      "earnings": 2455187.04489711,
      "eps_actual": 0.0006797035211671961,
      "eps_estimate": 0.0006783071354580545,
      "surprise_percent": 0.20586333773397714,
      "price_on_date": 0.3000076352113037,
      "revenue_growth": 33.60366305215488,
      "earnings_growth": 37.52699708752261
    },
    {
      "date": "2024-02-04",
      "quarter": "Q1 2024",
      "revenue": 32401094.67610003,
      "earnings": 2332427.6926522553,
      "eps_actual": 0.0006457183451088366,
      "eps_estimate": 0.0006490254480690717,
      "surprise_percent": -0.5095490431190517,
      "price_on_date": 0.2494490556356092,
      "revenue_growth": 33.227732460135094,
      "earnings_growth": 40.2101050629314
    },
    {
      "date": "2023-11-06",
      "quarter": "Q4 2023",
      "revenue": 30781039.942295026,
      "earnings": 2215806.3080196423,
      "eps_actual": 0.0006134324278533947,
      "eps_estimate": 0.0005945507463900815,
      "surprise_percent": 3.1757897165139575,
      "price_on_date": 0.2703482481573364,
      "revenue_growth": 33.26780438723286,
      "earnings_growth": 35.96591189511426
    }
  ],
  "metrics": {
    "revenue_trend": [
      {
        "date": "2025-07-28",
        "value": 44077611.36985409
      },
      {
        "date": "2025-04-29",
        "value": 41873730.80136139
      },
      {
        "date": "2025-01-29",
        "value": 39780044.261293314
      },
      {
        "date": "2024-10-31",
        "value": 37791042.04822865
      },
      {
        "date": "2024-08-02",
        "value": 35901489.94581722
      },
      {
        "date": "2024-05-04",
        "value": 34106415.448526345
      },
      {
        "date": "2024-02-04",
        "value": 32401094.67610003
      },
      {
        "date": "2023-11-06",
        "value": 30781039.942295026
      }
    ],
    "eps_trend": [
      {
        "date": "2025-07-28",
        "value": 0.0008784185397009687
      },
      {
        "date": "2025-04-29",
        "value": 0.0008344976127159203
      },
      {
        "date": "2025-01-29",
        "value": 0.0007927727320801241
      },
      {
        "date": "2024-10-31",
        "value": 0.000753134095476118
      },
      {
        "date": "2024-08-02",
        "value": 0.000715477390702312
      },
      {
        "date": "2024-05-04",
        "value": 0.0006797035211671961
      },
      {
        "date": "2024-02-04",
        "value": 0.0006457183451088366
      },
      {
        "date": "2023-11-06",
        "value": 0.0006134324278533947
      }
    ],
    "earnings_dates": [
      "2025-07-28",
      "2025-04-29",
      "2025-01-29",
      "2024-10-31",
      "2024-08-02",
      "2024-05-04",
      "2024-02-04",
      "2023-11-06"
    ]
  },
  "analysis": {
    "avg_revenue_growth": 34.06325851024459,
    "avg_earnings_surprise": 0.7337080254276755,
    "consistency_score": 68,
    "trend_direction": "growing"
  }
}