{
  "ticker": "JNJ",
  "quarters": [
    {
      "date": "2025-07-28",
      "quarter": "Q3 2025",
      "revenue": 45534741475.16135,
      "earnings": 845618743.6540087,
      "eps_actual": 0.6633034949003316,
      "eps_estimate": 0.6674823986429702,
      "surprise_percent": -0.6260695040250617,
      "price_on_date": 2212.845697232978,
      "revenue_growth": 45.67789353033697,
      "earnings_growth": 42.83588534554762
    },
    {
      "date": "2025-04-29",
      "quarter": "Q2 2025",
      "revenue": 43258004401.403275,
      "earnings": 803337806.4713082,
      "eps_actual": 0.6301383201553149,
      "eps_estimate": 0.6017326256209401,
      "surprise_percent": 4.720650555562346,
      "price_on_date": 2223.884327531412,
      "revenue_growth": 41.87793224869116,
      "earnings_growth": 28.18943292721091
    },
    {
      "date": "2025-01-29",
      "quarter": "Q1 2025",
      "revenue": 41095104181.333115,
      "earnings": 763170916.1477429,
      "eps_actual": 0.5986314041475492,
      "eps_estimate": 0.5893855651442313,
      "surprise_percent": 1.5687250503081605,
      "price_on_date": 1849.7550951618487,
      "revenue_growth": 42.512003044512426,
      "earnings_growth": 44.44880219752246
    },
    {
      "date": "2024-10-31",
      "quarter": "Q4 2024",
      "revenue": 39040348972.26646,
      "earnings": 725012370.3403558,
      "eps_actual": 0.5686998339401718,
      "eps_estimate": 0.5730781757822963,
      "surprise_percent": -0.7640042889694258,
      "price_on_date": 1805.264230032789,
      "revenue_growth": 36.207654191384904,
      "earnings_growth": 40.02224313175133
    },
    {
      "date": "2024-08-02",
      "quarter": "Q3 2024",
      "revenue": 37088331523.65313,
      "earnings": 688761751.8233378,
      "eps_actual": 0.5402648422431631,
      "eps_estimate": 0.5183976387233229,
      "surprise_percent": 4.218229769273901,
      "price_on_date": 1903.9527225460388,
      "revenue_growth": 31.73223761516971,
      "earnings_growth": 41.03500985156082
    },
    {
      "date": "2024-05-04",
      "quarter": "Q2 2024",
      "revenue": 35233914947.47047,
      "earnings": 654323664.2321708,
      "eps_actual": 0.5132516001310048,
      "eps_estimate": 0.5010910263029957,
      "surprise_percent": 2.426819318184297,
      "price_on_date": 1935.8867711296973,
      "revenue_growth": 44.70731259892012,
      "earnings_growth": 31.339157053536454
    },
    {
      "date": "2024-02-04",
      "quarter": "Q1 2024",
      "revenue": 33472219200.096947,
      "earnings": 621607481.0205624,
      "eps_actual": 0.4875890201244547,
      "eps_estimate": 0.4693266452212317,
      "surprise_percent": 3.8911864666482945,
      "price_on_date": 1557.946743365642,
      "revenue_growth": 34.04201405920286,
      "earnings_growth": 43.05418486924141
    },
    {
      "date": "2023-11-06",
      "quarter": "Q4 2023",
      "revenue": 31798608240.092094,
      "earnings": 590527106.9695342,
      "eps_actual": 0.46320956911823186,
      "eps_estimate": 0.44509976778898164,
      "surprise_percent": 4.068706083404639,
      "price_on_date": 1466.984584431172,
      "revenue_growth": 38.69368059570123,
      "earnings_growth": 42.389343001930655
    }
  ],
  "metrics": {
    "revenue_trend": [
      {
        "date": "2025-07-28",
        "value": 45534741475.16135
      },
      {
        "date": "2025-04-29",
        "value": 43258004401.403275
      },
      {
        "date": "2025-01-29",
        "value": 41095104181.333115
      },
      {
        "date": "2024-10-31",
        "value": 39040348972.26646
      },
      {
        "date": "2024-08-02",
        "value": 37088331523.65313
      },
      {
        "date": "2024-05-04",
        "value": 35233914947.47047
      },
      {
        "date": "2024-02-04",
        "value": 33472219200.096947
      },
      {
        "date": "2023-11-06",
        "value": 31798608240.092094
      }
    ],
    "eps_trend": [
      {
        "date": "2025-07-28",
        "value": 0.6633034949003316
      },
      {
        "date": "2025-04-29",
        "value": 0.6301383201553149
      },
      {
        "date": "2025-01-29",
        "value": 0.5986314041475492
      },
      {
        "date": "2024-10-31",
        "value": 0.5686998339401718
      },
      {
        "date": "2024-08-02",
        "value": 0.5402648422431631
      },
      {
        "date": "2024-05-04",
        "value": 0.5132516001310048
      },
      {
        "date": "2024-02-04",
        "value": 0.4875890201244547
      },
      {
        "date": "2023-11-06",
        "value": 0.46320956911823186
      }
    ],
    "earnings_dates": [
      "2025-07-28",
      "2025-04-29",
      "2025-01-29",
      "2024-10-31",
      "2024-08-02",
      "2024-05-04",
      "2024-02-04",
      "2023-11-06"
    ]
  },
  "analysis": {
    "avg_revenue_growth": 41.56887075373137,
    "avg_earnings_surprise": 1.2248254532190046,
    "consistency_score": 73,
    "trend_direction": "growing"
  }
}