{
  "ticker": "JPM",
  "quarters": [
    {
      "date": "2025-07-28",
      "quarter": "Q3 2025",
      "revenue": 93986296411.88974,
      "earnings": 10932561182.583424,
      "eps_actual": 6.066476237053656,
      "eps_estimate": 6.137160613676527,
      "surprise_percent": -1.15174395901181,
      "price_on_date": 571.6325676481817,
      "revenue_growth": 31.928581843738407,
      "earnings_growth": 26.692963354215948
    },
    {
      "date": "2025-04-29",
      "quarter": "Q2 2025",
      "revenue": 89286981591.29524,
      "earnings": 10385933123.45425,
      "eps_actual": 5.763152425200971,
      "eps_estimate": 5.693274517219949,
      "surprise_percent": 1.2273764029763239,
      "price_on_date": 612.2102456878301,
      "revenue_growth": 27.30147968944373,
      "earnings_growth": 26.915477180127976
    },
    {
      "date": "2025-01-29",
      "quarter": "Q1 2025",
      "revenue": 84822632511.73048,
      "earnings": 9866636467.281538,
      "eps_actual": 5.474994803940922,
      "eps_estimate": 5.370014251082049,
      "surprise_percent": 1.9549399303311017,
      "price_on_date": 601.0340205835114,
      "revenue_growth": 37.33848020143559,
      "earnings_growth": 30.36773296068637
    },
    {
      "date": "2024-10-31",
      "quarter": "Q4 2024",
      "revenue": 80581500886.14395,
      "earnings": 9373304643.917461,
      "eps_actual": 5.201245063743877,
      "eps_estimate": 5.166415039764369,
      "surprise_percent": 0.6741623294185859,
      "price_on_date": 507.03845334325126,
      "revenue_growth": 25.436273931644376,
      "earnings_growth": 29.714586733720292
    },
    {
      "date": "2024-08-02",
      "quarter": "Q3 2024",
      "revenue": 76552425841.83676,
      "earnings": 8904639411.721588,
      "eps_actual": 4.941182810556683,
      "eps_estimate": 4.879696439734853,
      "surprise_percent": 1.2600449962655995,
      "price_on_date": 477.3950069324649,
      "revenue_growth": 37.234295637984175,
      "earnings_growth": 31.815105142849102
    },
    {
      "date": "2024-05-04",
      "quarter": "Q2 2024",
      "revenue": 72724804549.7449,
      "earnings": 8459407441.135507,
      "eps_actual": 4.694123670028848,
      "eps_estimate": 4.573793646895088,
      "surprise_percent": 2.6308581545965826,
      "price_on_date": 514.2281783035078,
      "revenue_growth": 33.17099157042693,
      "earnings_growth": 26.6523094301661
    },
    {
      "date": "2024-02-04",
      "quarter": "Q1 2024",
      "revenue": 69088564322.25766,
      "earnings": 8036437069.078732,
      "eps_actual": 4.459417486527405,
      "eps_estimate": 4.44400996135604,
      "surprise_percent": 0.3467032096089936,
      "price_on_date": 452.78756044054484,
      "revenue_growth": 29.0675217071991,
      "earnings_growth": 27.340595306080584
    },
    {
      "date": "2023-11-06",
      "quarter": "Q4 2023",
      "revenue": 65634136106.144775,
      "earnings": 7634615215.624795,
      "eps_actual": 4.236446612201035,
      "eps_estimate": 4.106051539350767,
      "surprise_percent": 3.1756803732396808,
      "price_on_date": 441.5754599283198,
      "revenue_growth": 25.63699137027601,
      "earnings_growth": 37.26834225371329
    }
  ],
  "metrics": {
    "revenue_trend": [
      {
        "date": "2025-07-28",
        "value": 93986296411.88974
      },
      {
        "date": "2025-04-29",
        "value": 89286981591.29524
      },
      {
        "date": "2025-01-29",
        "value": 84822632511.73048
      },
      {
        "date": "2024-10-31",
        "value": 80581500886.14395
      },
      {
        "date": "2024-08-02",
        "value": 76552425841.83676
      },
      {
        "date": "2024-05-04",
        "value": 72724804549.7449
      },
      {
        "date": "2024-02-04",
        "value": 69088564322.25766
      },
      {
        "date": "2023-11-06",
        "value": 65634136106.144775
      }
    ],
    "eps_trend": [
      {
        "date": "2025-07-28",
        "value": 6.066476237053656
      },
      {
        "date": "2025-04-29",
        "value": 5.763152425200971
      },
      {
        "date": "2025-01-29",
        "value": 5.474994803940922
      },
      {
        "date": "2024-10-31",
        "value": 5.201245063743877
      },
      {
        "date": "2024-08-02",
        "value": 4.941182810556683
      },
      {
        "date": "2024-05-04",
        "value": 4.694123670028848
      },
      {
        "date": "2024-02-04",
        "value": 4.459417486527405
      },
      {
        "date": "2023-11-06",
        "value": 4.236446612201035
      }
    ],
    "earnings_dates": [
      "2025-07-28",
      "2025-04-29",
      "2025-01-29",
      "2024-10-31",
      "2024-08-02",
      "2024-05-04",
      "2024-02-04",
      "2023-11-06"
    ]
  },
  "analysis": {
    "avg_revenue_growth": 30.501203916565526,
    "avg_earnings_surprise": 0.6761836759285504,
    "consistency_score": 66,
    "trend_direction": "growing"
  }
}