{
  "ticker": "K",
  "quarters": [
    {
      "date": "2025-07-28",
      "quarter": "Q3 2025",
      "revenue": 22695481.82750872,
      "earnings": 1131202.4851643231,
      "eps_actual": 0.0005232605788470022,
      "eps_estimate": 0.0004991088866734292,
      "surprise_percent": 4.838962562767528,
      "price_on_date": 0.48726628395570054,
      "revenue_growth": 6.062698355357771,
      "earnings_growth": 8.04969506660395
    },
    {
      "date": "2025-04-29",
      "quarter": "Q2 2025",
      "revenue": 21560707.736133285,
      "earnings": 1074642.360906107,
      "eps_actual": 0.0004970975499046521,
      "eps_estimate": 0.0004887388634840438,
      "surprise_percent": 1.7102561398580625,
      "price_on_date": 0.45284406912163255,
      "revenue_growth": 6.594757444054703,
      "earnings_growth": 7.89192751532933
    },
    {
      "date": "2025-01-29",
      "quarter": "Q1 2025",
      "revenue": 20482672.34932662,
      "earnings": 1020910.2428608018,
      "eps_actual": 0.0004722426724094196,
      "eps_estimate": 0.00047855624377405573,
      "surprise_percent": -1.319295578476876,
      "price_on_date": 0.43232106432562406,
      "revenue_growth": 8.458256942835728,
      "earnings_growth": 6.472235226761371
    },
    {
      "date": "2024-10-31",
      "quarter": "Q4 2024",
      "revenue": 19458538.731860287,
      "earnings": 969864.7307177614,
      "eps_actual": 0.0004486305387889485,
      "eps_estimate": 0.0004381339085720083,
      "surprise_percent": 2.3957584682617736,
      "price_on_date": 0.4328040143408021,
      "revenue_growth": 6.6833998193764765,
      "earnings_growth": 8.156839229573867
    },
    {
      "date": "2024-08-02",
      "quarter": "Q3 2024",
      "revenue": 18485611.795267273,
      "earnings": 921371.4941818734,
      "eps_actual": 0.0004261990118495011,
      "eps_estimate": 0.0004165889904795647,
      "surprise_percent": 2.306835175570437,
      "price_on_date": 0.3994132028510253,
      "revenue_growth": 8.505091376894956,
      "earnings_growth": 7.053210496506977
    },
    {
      "date": "2024-05-04",
      "quarter": "Q2 2024",
      "revenue": 17561331.205503907,
      "earnings": 875302.9194727796,
      "eps_actual": 0.000404889061257026,
      "eps_estimate": 0.0004099355340367312,
      "surprise_percent": -1.2310405809448564,
      "price_on_date": 0.391574347607809,
      "revenue_growth": 6.602995972944807,
      "earnings_growth": 8.714659479834184
    },
    {
      "date": "2024-02-04",
      "quarter": "Q1 2024",
      "revenue": 16683264.645228712,
      "earnings": 831537.7734991406,
      "eps_actual": 0.00038464460819417467,
      "eps_estimate": 0.0003821245424880582,
      "surprise_percent": 0.6594880532163785,
      "price_on_date": 0.31118718588248306,
      "revenue_growth": 7.745756029600434,
      "earnings_growth": 8.03060664258496
    },
    {
      "date": "2023-11-06",
      "quarter": "Q4 2023",
      "revenue": 15849101.412967274,
      "earnings": 789960.8848241835,
      "eps_actual": 0.00036541237778446595,
      "eps_estimate": 0.00036069847054675993,
      "surprise_percent": 1.3068830678878407,
      "price_on_date": 0.30510884837192837,
      "revenue_growth": 8.014144091070396,
      "earnings_growth": 7.622447000598604
    }
  ],
  "metrics": {
    "revenue_trend": [
      {
        "date": "2025-07-28",
        "value": 22695481.82750872
      },
      {
        "date": "2025-04-29",
        "value": 21560707.736133285
      },
      {
        "date": "2025-01-29",
        "value": 20482672.34932662
      },
      {
        "date": "2024-10-31",
        "value": 19458538.731860287
      },
      {
        "date": "2024-08-02",
        "value": 18485611.795267273
      },
      {
        "date": "2024-05-04",
        "value": 17561331.205503907
      },
      {
        "date": "2024-02-04",
        "value": 16683264.645228712
      },
      {
        "date": "2023-11-06",
        "value": 15849101.412967274
      }
    ],
    "eps_trend": [
      {
        "date": "2025-07-28",
        "value": 0.0005232605788470022
      },
      {
        "date": "2025-04-29",
        "value": 0.0004970975499046521
      },
      {
        "date": "2025-01-29",
        "value": 0.0004722426724094196
      },
      {
        "date": "2024-10-31",
        "value": 0.0004486305387889485
      },
      {
        "date": "2024-08-02",
        "value": 0.0004261990118495011
      },
      {
        "date": "2024-05-04",
        "value": 0.000404889061257026
      },
      {
        "date": "2024-02-04",
        "value": 0.00038464460819417467
      },
      {
        "date": "2023-11-06",
        "value": 0.00036541237778446595
      }
    ],
    "earnings_dates": [
      "2025-07-28",
      "2025-04-29",
      "2025-01-29",
      "2024-10-31",
      "2024-08-02",
      "2024-05-04",
      "2024-02-04",
      "2023-11-06"
    ]
  },
  "analysis": {
    "avg_revenue_growth": 6.94977814040617,
    "avg_earnings_surprise": 1.9064203981026218,
    "consistency_score": 90,
    "trend_direction": "growing"
  }
}