{
  "ticker": "KDP",
  "quarters": [
    {
      "date": "2025-07-28",
      "quarter": "Q3 2025",
      "revenue": 108219190.5074294,
      "earnings": 3592195.5585387405,
      "eps_actual": 0.0025507215344552922,
      "eps_estimate": 0.002590010988386055,
      "surprise_percent": -1.516960897345295,
      "price_on_date": 0.23846989863776036,
      "revenue_growth": 2.4183078319380216,
      "earnings_growth": 3.2802337822376284
    },
    {
      "date": "2025-04-29",
      "quarter": "Q2 2025",
      "revenue": 102808230.98205793,
      "earnings": 3412585.7806118033,
      "eps_actual": 0.0024231854577325272,
      "eps_estimate": 0.0023352744505226457,
      "surprise_percent": 3.764482893657602,
      "price_on_date": 0.20258215321809073,
      "revenue_growth": 2.6078098198564934,
      "earnings_growth": 2.5733985162621127
    },
    {
      "date": "2025-01-29",
      "quarter": "Q1 2025",
      "revenue": 97667819.43295504,
      "earnings": 3241956.491581213,
      "eps_actual": 0.002302026184845901,
      "eps_estimate": 0.0023173846794816155,
      "surprise_percent": -0.6627511941241438,
      "price_on_date": 0.20446773812905517,
      "revenue_growth": 2.750578184746997,
      "earnings_growth": 2.3760007717646716
    },
    {
      "date": "2024-10-31",
      "quarter": "Q4 2024",
      "revenue": 92784428.46130727,
      "earnings": 3079858.667002152,
      "eps_actual": 0.002186924875603606,
      "eps_estimate": 0.002114457511517752,
      "surprise_percent": 3.427231982251426,
      "price_on_date": 0.205748567976567,
      "revenue_growth": 3.0067016535767843,
      "earnings_growth": 3.031932230191999
    },
    {
      "date": "2024-08-02",
      "quarter": "Q3 2024",
      "revenue": 88145207.03824191,
      "earnings": 2925865.7336520446,
      "eps_actual": 0.0020775786318234252,
      "eps_estimate": 0.0020869171474066964,
      "surprise_percent": -0.44747898089177485,
      "price_on_date": 0.18253731076232885,
      "revenue_growth": 2.55502826707994,
      "earnings_growth": 2.378879555659885
    },
    {
      "date": "2024-05-04",
      "quarter": "Q2 2024",
      "revenue": 83737946.6863298,
      "earnings": 2779572.4469694416,
      "eps_actual": 0.0019736997002322535,
      "eps_estimate": 0.0019593637822230676,
      "surprise_percent": 0.7316618863353982,
      "price_on_date": 0.1786224838103251,
      "revenue_growth": 2.580448410773379,
      "earnings_growth": 2.448830994810024
    },
    {
      "date": "2024-02-04",
      "quarter": "Q1 2024",
      "revenue": 79551049.35201332,
      "earnings": 2640593.82462097,
      "eps_actual": 0.0018750147152206413,
      "eps_estimate": 0.0018979361076548176,
      "surprise_percent": -1.207700951666864,
      "price_on_date": 0.14898762310860567,
      "revenue_growth": 2.7420424845568756,
      "earnings_growth": 2.044225723338925
    },
    {
      "date": "2023-11-06",
      "quarter": "Q4 2023",
      "revenue": 75573496.88441263,
      "earnings": 2508564.133389921,
      "eps_actual": 0.0017812639794596088,
      "eps_estimate": 0.0017250355604089078,
      "surprise_percent": 3.259551300923469,
      "price_on_date": 0.15944307396449336,
      "revenue_growth": 3.117109419108645,
      "earnings_growth": 2.6753681937580276
    }
  ],
  "metrics": {
    "revenue_trend": [
      {
        "date": "2025-07-28",
        "value": 108219190.5074294
      },
      {
        "date": "2025-04-29",
        "value": 102808230.98205793
      },
      {
        "date": "2025-01-29",
        "value": 97667819.43295504
      },
      {
        "date": "2024-10-31",
        "value": 92784428.46130727
      },
      {
        "date": "2024-08-02",
        "value": 88145207.03824191
      },
      {
        "date": "2024-05-04",
        "value": 83737946.6863298
      },
      {
        "date": "2024-02-04",
        "value": 79551049.35201332
      },
      {
        "date": "2023-11-06",
        "value": 75573496.88441263
      }
    ],
    "eps_trend": [
      {
        "date": "2025-07-28",
        "value": 0.0025507215344552922
      },
      {
        "date": "2025-04-29",
        "value": 0.0024231854577325272
      },
      {
        "date": "2025-01-29",
        "value": 0.002302026184845901
      },
      {
        "date": "2024-10-31",
        "value": 0.002186924875603606
      },
      {
        "date": "2024-08-02",
        "value": 0.0020775786318234252
      },
      {
        "date": "2024-05-04",
        "value": 0.0019736997002322535
      },
      {
        "date": "2024-02-04",
        "value": 0.0018750147152206413
      },
      {
        "date": "2023-11-06",
        "value": 0.0017812639794596088
      }
    ],
    "earnings_dates": [
      "2025-07-28",
      "2025-04-29",
      "2025-01-29",
      "2024-10-31",
      "2024-08-02",
      "2024-05-04",
      "2024-02-04",
      "2023-11-06"
    ]
  },
  "analysis": {
    "avg_revenue_growth": 2.6958493725295742,
    "avg_earnings_surprise": 1.2530006961098972,
    "consistency_score": 89,
    "trend_direction": "stable"
  }
}