{
  "ticker": "KEY",
  "quarters": [
    {
      "date": "2025-07-28",
      "quarter": "Q3 2025",
      "revenue": 59445915.29220048,
      "earnings": 1402599.8714665894,
      "eps_actual": 0.0009694290308922377,
      "eps_estimate": 0.0009239251285024197,
      "surprise_percent": 4.925063837540043,
      "price_on_date": 0.9830181018155139,
      "revenue_growth": -15.759652414490152,
      "earnings_growth": -10.847944600930346
    },
    {
      "date": "2025-04-29",
      "quarter": "Q2 2025",
      "revenue": 56473619.52759045,
      "earnings": 1332469.8778932597,
      "eps_actual": 0.0009209575793476258,
      "eps_estimate": 0.0009188574299569562,
      "surprise_percent": 0.22856096301772494,
      "price_on_date": 0.979668261417392,
      "revenue_growth": -14.055259506632803,
      "earnings_growth": -18.039086285844586
    },
    {
      "date": "2025-01-29",
      "quarter": "Q1 2025",
      "revenue": 53649938.55121093,
      "earnings": 1265846.3839985968,
      "eps_actual": 0.0008749097003802445,
      "eps_estimate": 0.000858790641666372,
      "surprise_percent": 1.8769485753356094,
      "price_on_date": 1.023389738694216,
      "revenue_growth": -13.64040533447883,
      "earnings_growth": -15.20436689402297
    },
    {
      "date": "2024-10-31",
      "quarter": "Q4 2024",
      "revenue": 50967441.62365038,
      "earnings": 1202554.0647986669,
      "eps_actual": 0.0008311642153612322,
      "eps_estimate": 0.0008080097591285433,
      "surprise_percent": 2.8656159125678817,
      "price_on_date": 0.9254396828752836,
      "revenue_growth": -12.457143782465469,
      "earnings_growth": -13.990098924097214
    },
    {
      "date": "2024-08-02",
      "quarter": "Q3 2024",
      "revenue": 48419069.54246786,
      "earnings": 1142426.3615587335,
      "eps_actual": 0.0007896060045931706,
      "eps_estimate": 0.0007526908889256028,
      "surprise_percent": 4.90441909297729,
      "price_on_date": 0.8071293414711032,
      "revenue_growth": -15.39372577142843,
      "earnings_growth": -16.81715685039202
    },
    {
      "date": "2024-05-04",
      "quarter": "Q2 2024",
      "revenue": 45998116.06534446,
      "earnings": 1085305.0434807967,
      "eps_actual": 0.000750125704363512,
      "eps_estimate": 0.0007199118638413619,
      "surprise_percent": 4.196880484915575,
      "price_on_date": 0.87370038844296,
      "revenue_growth": -16.688460620513283,
      "earnings_growth": -17.80705745972614
    },
    {
      "date": "2024-02-04",
      "quarter": "Q1 2024",
      "revenue": 43698210.26207724,
      "earnings": 1031039.791306757,
      "eps_actual": 0.0007126194191453364,
      "eps_estimate": 0.0007203890721525609,
      "surprise_percent": -1.0785356562958897,
      "price_on_date": 0.805910305051889,
      "revenue_growth": -14.151115738504442,
      "earnings_growth": -11.293338491679917
    },
    {
      "date": "2023-11-06",
      "quarter": "Q4 2023",
      "revenue": 41513299.74897338,
      "earnings": 979487.801741419,
      "eps_actual": 0.0006769884481880696,
      "eps_estimate": 0.0006669844534140457,
      "surprise_percent": 1.4998842510971775,
      "price_on_date": 0.8160270292268811,
      "revenue_growth": -15.975330778870283,
      "earnings_growth": -15.36551987066213
    }
  ],
  "metrics": {
    "revenue_trend": [
      {
        "date": "2025-07-28",
        "value": 59445915.29220048
      },
      {
        "date": "2025-04-29",
        "value": 56473619.52759045
      },
      {
        "date": "2025-01-29",
        "value": 53649938.55121093
      },
      {
        "date": "2024-10-31",
        "value": 50967441.62365038
      },
      {
        "date": "2024-08-02",
        "value": 48419069.54246786
      },
      {
        "date": "2024-05-04",
        "value": 45998116.06534446
      },
      {
        "date": "2024-02-04",
        "value": 43698210.26207724
      },
      {
        "date": "2023-11-06",
        "value": 41513299.74897338
      }
    ],
    "eps_trend": [
      {
        "date": "2025-07-28",
        "value": 0.0009694290308922377
      },
      {
        "date": "2025-04-29",
        "value": 0.0009209575793476258
      },
      {
        "date": "2025-01-29",
        "value": 0.0008749097003802445
      },
      {
        "date": "2024-10-31",
        "value": 0.0008311642153612322
      },
      {
        "date": "2024-08-02",
        "value": 0.0007896060045931706
      },
      {
        "date": "2024-05-04",
        "value": 0.000750125704363512
      },
      {
        "date": "2024-02-04",
        "value": 0.0007126194191453364
      },
      {
        "date": "2023-11-06",
        "value": 0.0006769884481880696
      }
    ],
    "earnings_dates": [
      "2025-07-28",
      "2025-04-29",
      "2025-01-29",
      "2024-10-31",
      "2024-08-02",
      "2024-05-04",
      "2024-02-04",
      "2023-11-06"
    ]
  },
  "analysis": {
    "avg_revenue_growth": -13.978115259516812,
    "avg_earnings_surprise": 2.4740473221153145,
    "consistency_score": 91,
    "trend_direction": "declining"
  }
}