{
  "ticker": "KEYS",
  "quarters": [
    {
      "date": "2025-07-28",
      "quarter": "Q3 2025",
      "revenue": 94371897.94884658,
      "earnings": 16810292.13671944,
      "eps_actual": 0.006971891054962083,
      "eps_estimate": 0.007005148809169655,
      "surprise_percent": -0.47476156629304356,
      "price_on_date": 0.5799877379044815,
      "revenue_growth": 4.317373042457843,
      "earnings_growth": 5.199781176321371
    },
    {
      "date": "2025-04-29",
      "quarter": "Q2 2025",
      "revenue": 89653303.05140425,
      "earnings": 15969777.529883467,
      "eps_actual": 0.006623296502213979,
      "eps_estimate": 0.006608015443901355,
      "surprise_percent": 0.23125034198772593,
      "price_on_date": 0.5033315323826943,
      "revenue_growth": 4.659102608854817,
      "earnings_growth": 3.22983046853483
    },
    {
      "date": "2025-01-29",
      "quarter": "Q1 2025",
      "revenue": 85170637.89883403,
      "earnings": 15171288.653389292,
      "eps_actual": 0.006292131677103279,
      "eps_estimate": 0.006099659883622752,
      "surprise_percent": 3.1554512407700552,
      "price_on_date": 0.4779390174303243,
      "revenue_growth": 4.49374111211985,
      "earnings_growth": 5.430735249366919
    },
    {
      "date": "2024-10-31",
      "quarter": "Q4 2024",
      "revenue": 80912106.00389232,
      "earnings": 14412724.220719825,
      "eps_actual": 0.005977525093248114,
      "eps_estimate": 0.005921337371539752,
      "surprise_percent": 0.9489025566829284,
      "price_on_date": 0.5233779581269223,
      "revenue_growth": 4.518697721013797,
      "earnings_growth": 3.952693173778469
    },
    {
      "date": "2024-08-02",
      "quarter": "Q3 2024",
      "revenue": 76866500.70369771,
      "earnings": 13692088.009683836,
      "eps_actual": 0.005678648838585709,
      "eps_estimate": 0.005622383787948325,
      "surprise_percent": 1.0007330121787295,
      "price_on_date": 0.4862652318359838,
      "revenue_growth": 4.954277687501875,
      "earnings_growth": 5.515942035522265
    },
    {
      "date": "2024-05-04",
      "quarter": "Q2 2024",
      "revenue": 73023175.6685128,
      "earnings": 13007483.60919964,
      "eps_actual": 0.005394716396656422,
      "eps_estimate": 0.005217449098455113,
      "surprise_percent": 3.397585579776869,
      "price_on_date": 0.4268880958311174,
      "revenue_growth": 4.300178137551943,
      "earnings_growth": 3.588539079380123
    },
    {
      "date": "2024-02-04",
      "quarter": "Q1 2024",
      "revenue": 69372016.88508718,
      "earnings": 12357109.42873966,
      "eps_actual": 0.005124980576823601,
      "eps_estimate": 0.0050967075613297585,
      "surprise_percent": 0.5547309739400915,
      "price_on_date": 0.4172685367973409,
      "revenue_growth": 3.554446856456337,
      "earnings_growth": 5.424236532939437
    },
    {
      "date": "2023-11-06",
      "quarter": "Q4 2023",
      "revenue": 65903416.0408328,
      "earnings": 11739253.957302675,
      "eps_actual": 0.004868731547982421,
      "eps_estimate": 0.0049004779700369495,
      "surprise_percent": -0.647822972547495,
      "price_on_date": 0.40080027794750184,
      "revenue_growth": 3.7139905585082653,
      "earnings_growth": 3.463521967546673
    }
  ],
  "metrics": {
    "revenue_trend": [
      {
        "date": "2025-07-28",
        "value": 94371897.94884658
      },
      {
        "date": "2025-04-29",
        "value": 89653303.05140425
      },
      {
        "date": "2025-01-29",
        "value": 85170637.89883403
      },
      {
        "date": "2024-10-31",
        "value": 80912106.00389232
      },
      {
        "date": "2024-08-02",
        "value": 76866500.70369771
      },
      {
        "date": "2024-05-04",
        "value": 73023175.6685128
      },
      {
        "date": "2024-02-04",
        "value": 69372016.88508718
      },
      {
        "date": "2023-11-06",
        "value": 65903416.0408328
      }
    ],
    "eps_trend": [
      {
        "date": "2025-07-28",
        "value": 0.006971891054962083
      },
      {
        "date": "2025-04-29",
        "value": 0.006623296502213979
      },
      {
        "date": "2025-01-29",
        "value": 0.006292131677103279
      },
      {
        "date": "2024-10-31",
        "value": 0.005977525093248114
      },
      {
        "date": "2024-08-02",
        "value": 0.005678648838585709
      },
      {
        "date": "2024-05-04",
        "value": 0.005394716396656422
      },
      {
        "date": "2024-02-04",
        "value": 0.005124980576823601
      },
      {
        "date": "2023-11-06",
        "value": 0.004868731547982421
      }
    ],
    "earnings_dates": [
      "2025-07-28",
      "2025-04-29",
      "2025-01-29",
      "2024-10-31",
      "2024-08-02",
      "2024-05-04",
      "2024-02-04",
      "2023-11-06"
    ]
  },
  "analysis": {
    "avg_revenue_growth": 4.497228621111577,
    "avg_earnings_surprise": 0.9652106432869165,
    "consistency_score": 88,
    "trend_direction": "stable"
  }
}