{
  "ticker": "KHC",
  "quarters": [
    {
      "date": "2025-07-28",
      "quarter": "Q3 2025",
      "revenue": 79889030.02423528,
      "earnings": 3592410.770412699,
      "eps_actual": 0.012816165968086659,
      "eps_estimate": 0.012301923458218528,
      "surprise_percent": 4.180179722420407,
      "price_on_date": 3.6560703199850866,
      "revenue_growth": 52.92260224112319,
      "earnings_growth": 55.14398736168643
    },
    {
      "date": "2025-04-29",
      "quarter": "Q2 2025",
      "revenue": 75894578.52302352,
      "earnings": 3412790.2318920637,
      "eps_actual": 0.012175357669682325,
      "eps_estimate": 0.011696188506803503,
      "surprise_percent": 4.096797538788773,
      "price_on_date": 3.821425415651317,
      "revenue_growth": 54.44658364635947,
      "earnings_growth": 42.30024189831496
    },
    {
      "date": "2025-01-29",
      "quarter": "Q1 2025",
      "revenue": 72099849.59687233,
      "earnings": 3242150.7202974604,
      "eps_actual": 0.011566589786198208,
      "eps_estimate": 0.011426225282952516,
      "surprise_percent": 1.228441587399038,
      "price_on_date": 3.482367400228059,
      "revenue_growth": 55.70032028270411,
      "earnings_growth": 52.68219103419497
    },
    {
      "date": "2024-10-31",
      "quarter": "Q4 2024",
      "revenue": 68494857.11702871,
      "earnings": 3080043.1842825874,
      "eps_actual": 0.010988260296888298,
      "eps_estimate": 0.010629934245800833,
      "surprise_percent": 3.37091502921587,
      "price_on_date": 3.3542069734201947,
      "revenue_growth": 46.53030373996392,
      "earnings_growth": 49.803507329839206
    },
    {
      "date": "2024-08-02",
      "quarter": "Q3 2024",
      "revenue": 65070114.26117728,
      "earnings": 2926041.0250684577,
      "eps_actual": 0.010438847282043882,
      "eps_estimate": 0.009998152803492385,
      "surprise_percent": 4.407758985215362,
      "price_on_date": 3.2471722305626365,
      "revenue_growth": 50.376668657407215,
      "earnings_growth": 43.622920121971525
    },
    {
      "date": "2024-05-04",
      "quarter": "Q2 2024",
      "revenue": 61816608.548118405,
      "earnings": 2779738.9738150346,
      "eps_actual": 0.009916904917941687,
      "eps_estimate": 0.009439856959353125,
      "surprise_percent": 5.053550712078294,
      "price_on_date": 3.225113453671846,
      "revenue_growth": 51.01816147001698,
      "earnings_growth": 54.39574392804471
    },
    {
      "date": "2024-02-04",
      "quarter": "Q1 2024",
      "revenue": 58725778.12071248,
      "earnings": 2640752.0251242826,
      "eps_actual": 0.009421059672044601,
      "eps_estimate": 0.009094521688949706,
      "surprise_percent": 3.590491003959617,
      "price_on_date": 2.676246065330799,
      "revenue_growth": 40.31736140870255,
      "earnings_growth": 37.64657666694926
    },
    {
      "date": "2023-11-06",
      "quarter": "Q4 2023",
      "revenue": 55789489.21467686,
      "earnings": 2508714.4238680685,
      "eps_actual": 0.008950006688442372,
      "eps_estimate": 0.009092319909223549,
      "surprise_percent": -1.5652025247902785,
      "price_on_date": 2.6984513922136535,
      "revenue_growth": 44.512163681892375,
      "earnings_growth": 49.45492908682193
    }
  ],
  "metrics": {
    "revenue_trend": [
      {
        "date": "2025-07-28",
        "value": 79889030.02423528
      },
      {
        "date": "2025-04-29",
        "value": 75894578.52302352
      },
      {
        "date": "2025-01-29",
        "value": 72099849.59687233
      },
      {
        "date": "2024-10-31",
        "value": 68494857.11702871
      },
      {
        "date": "2024-08-02",
        "value": 65070114.26117728
      },
      {
        "date": "2024-05-04",
        "value": 61816608.548118405
      },
      {
        "date": "2024-02-04",
        "value": 58725778.12071248
      },
      {
        "date": "2023-11-06",
        "value": 55789489.21467686
      }
    ],
    "eps_trend": [
      {
        "date": "2025-07-28",
        "value": 0.012816165968086659
      },
      {
        "date": "2025-04-29",
        "value": 0.012175357669682325
      },
      {
        "date": "2025-01-29",
        "value": 0.011566589786198208
      },
      {
        "date": "2024-10-31",
        "value": 0.010988260296888298
      },
      {
        "date": "2024-08-02",
        "value": 0.010438847282043882
      },
      {
        "date": "2024-05-04",
        "value": 0.009916904917941687
      },
      {
        "date": "2024-02-04",
        "value": 0.009421059672044601
      },
      {
        "date": "2023-11-06",
        "value": 0.008950006688442372
      }
    ],
    "earnings_dates": [
      "2025-07-28",
      "2025-04-29",
      "2025-01-29",
      "2024-10-31",
      "2024-08-02",
      "2024-05-04",
      "2024-02-04",
      "2023-11-06"
    ]
  },
  "analysis": {
    "avg_revenue_growth": 52.399952477537674,
    "avg_earnings_surprise": 3.219083469456022,
    "consistency_score": 70,
    "trend_direction": "growing"
  }
}