{
  "ticker": "KIM",
  "quarters": [
    {
      "date": "2025-07-28",
      "quarter": "Q3 2025",
      "revenue": 69996746.00616995,
      "earnings": 10405279.630120007,
      "eps_actual": 0.002727163335541903,
      "eps_estimate": 0.0026295257933035597,
      "surprise_percent": 3.7131235786692245,
      "price_on_date": 0.23812391560557628,
      "revenue_growth": 24.244465390194087,
      "earnings_growth": 22.057600851890776
    },
    {
      "date": "2025-04-29",
      "quarter": "Q2 2025",
      "revenue": 66496908.70586144,
      "earnings": 9885015.648614006,
      "eps_actual": 0.002590805168764808,
      "eps_estimate": 0.002559356853036033,
      "surprise_percent": 1.2287585332803252,
      "price_on_date": 0.23657009022882974,
      "revenue_growth": 22.505881516226363,
      "earnings_growth": 21.736541409147353
    },
    {
      "date": "2025-01-29",
      "quarter": "Q1 2025",
      "revenue": 63172063.27056837,
      "earnings": 9390764.866183305,
      "eps_actual": 0.0024612649103265675,
      "eps_estimate": 0.0023908597497529853,
      "surprise_percent": 2.9447633045332813,
      "price_on_date": 0.21278628102346497,
      "revenue_growth": 19.134374527354524,
      "earnings_growth": 29.423981599321174
    },
    {
      "date": "2024-10-31",
      "quarter": "Q4 2024",
      "revenue": 60013460.10703995,
      "earnings": 8921226.62287414,
      "eps_actual": 0.0023382016648102392,
      "eps_estimate": 0.0022585305777789136,
      "surprise_percent": 3.5275629125940746,
      "price_on_date": 0.20914264018030507,
      "revenue_growth": 21.8502052151078,
      "earnings_growth": 16.885518574108996
    },
    {
      "date": "2024-08-02",
      "quarter": "Q3 2024",
      "revenue": 57012787.10168795,
      "earnings": 8475165.291730434,
      "eps_actual": 0.002221291581569727,
      "eps_estimate": 0.002169401281347964,
      "surprise_percent": 2.3919180221706515,
      "price_on_date": 0.20495917871948735,
      "revenue_growth": 20.21138217085383,
      "earnings_growth": 23.982545257985024
    },
    {
      "date": "2024-05-04",
      "quarter": "Q2 2024",
      "revenue": 54162147.74660354,
      "earnings": 8051407.02714391,
      "eps_actual": 0.0021102270024912404,
      "eps_estimate": 0.002119769488518569,
      "surprise_percent": -0.45016621283654285,
      "price_on_date": 0.1716324660924031,
      "revenue_growth": 24.14661955981811,
      "earnings_growth": 22.082132569348328
    },
    {
      "date": "2024-02-04",
      "quarter": "Q1 2024",
      "revenue": 51454040.35927337,
      "earnings": 7648836.675786714,
      "eps_actual": 0.0020047156523666783,
      "eps_estimate": 0.0019066729759255952,
      "surprise_percent": 5.142081399327968,
      "price_on_date": 0.18184994585610387,
      "revenue_growth": 21.349651282779515,
      "earnings_growth": 17.495471675665147
    },
    {
      "date": "2023-11-06",
      "quarter": "Q4 2023",
      "revenue": 48881338.3413097,
      "earnings": 7266394.8419973785,
      "eps_actual": 0.0019044798697483445,
      "eps_estimate": 0.0018420666577940539,
      "surprise_percent": 3.3882167993330286,
      "price_on_date": 0.17977648914571595,
      "revenue_growth": 26.49617897213561,
      "earnings_growth": 21.39864595008123
    }
  ],
  "metrics": {
    "revenue_trend": [
      {
        "date": "2025-07-28",
        "value": 69996746.00616995
      },
      {
        "date": "2025-04-29",
        "value": 66496908.70586144
      },
      {
        "date": "2025-01-29",
        "value": 63172063.27056837
      },
      {
        "date": "2024-10-31",
        "value": 60013460.10703995
      },
      {
        "date": "2024-08-02",
        "value": 57012787.10168795
      },
      {
        "date": "2024-05-04",
        "value": 54162147.74660354
      },
      {
        "date": "2024-02-04",
        "value": 51454040.35927337
      },
      {
        "date": "2023-11-06",
        "value": 48881338.3413097
      }
    ],
    "eps_trend": [
      {
        "date": "2025-07-28",
        "value": 0.002727163335541903
      },
      {
        "date": "2025-04-29",
        "value": 0.002590805168764808
      },
      {
        "date": "2025-01-29",
        "value": 0.0024612649103265675
      },
      {
        "date": "2024-10-31",
        "value": 0.0023382016648102392
      },
      {
        "date": "2024-08-02",
        "value": 0.002221291581569727
      },
      {
        "date": "2024-05-04",
        "value": 0.0021102270024912404
      },
      {
        "date": "2024-02-04",
        "value": 0.0020047156523666783
      },
      {
        "date": "2023-11-06",
        "value": 0.0019044798697483445
      }
    ],
    "earnings_dates": [
      "2025-07-28",
      "2025-04-29",
      "2025-01-29",
      "2024-10-31",
      "2024-08-02",
      "2024-05-04",
      "2024-02-04",
      "2023-11-06"
    ]
  },
  "analysis": {
    "avg_revenue_growth": 21.933731662220694,
    "avg_earnings_surprise": 2.8535520822692266,
    "consistency_score": 89,
    "trend_direction": "growing"
  }
}