{
  "ticker": "KKR",
  "quarters": [
    {
      "date": "2025-07-28",
      "quarter": "Q3 2025",
      "revenue": 31194076.10738762,
      "earnings": 449852.83429134806,
      "eps_actual": 0.0016907717220523567,
      "eps_estimate": 0.0016852564881358416,
      "surprise_percent": 0.32726376995680756,
      "price_on_date": 7.09994478305337,
      "revenue_growth": 16.79161961667612,
      "earnings_growth": 21.36583163623736
    },
    {
      "date": "2025-04-29",
      "quarter": "Q2 2025",
      "revenue": 29634372.30201824,
      "earnings": 427360.1925767807,
      "eps_actual": 0.001606233135949739,
      "eps_estimate": 0.001628733999893519,
      "surprise_percent": -1.3814940895966434,
      "price_on_date": 7.756876253911224,
      "revenue_growth": 19.823081563773776,
      "earnings_growth": 20.686120084366525
    },
    {
      "date": "2025-01-29",
      "quarter": "Q1 2025",
      "revenue": 28152653.686917327,
      "earnings": 405992.18294794165,
      "eps_actual": 0.001525921479152252,
      "eps_estimate": 0.0014743518927813504,
      "surprise_percent": 3.497780049891344,
      "price_on_date": 6.256190935382997,
      "revenue_growth": 17.242674006942732,
      "earnings_growth": 20.871504923266862
    },
    {
      "date": "2024-10-31",
      "quarter": "Q4 2024",
      "revenue": 26745021.00257146,
      "earnings": 385692.57380054455,
      "eps_actual": 0.0014496254051946393,
      "eps_estimate": 0.0014746771092808664,
      "surprise_percent": -1.698792496917765,
      "price_on_date": 6.655786037804467,
      "revenue_growth": 17.89869671780239,
      "earnings_growth": 24.45983875779617
    },
    {
      "date": "2024-08-02",
      "quarter": "Q3 2024",
      "revenue": 25407769.952442884,
      "earnings": 366407.94511051726,
      "eps_actual": 0.001377144134934907,
      "eps_estimate": 0.0013836574320598696,
      "surprise_percent": -0.4707304694100544,
      "price_on_date": 6.627883300253935,
      "revenue_growth": 15.67130042434236,
      "earnings_growth": 19.859968333631006
    },
    {
      "date": "2024-05-04",
      "quarter": "Q2 2024",
      "revenue": 24137381.454820737,
      "earnings": 348087.54785499134,
      "eps_actual": 0.0013082869281881616,
      "eps_estimate": 0.0012524177662288222,
      "surprise_percent": 4.460904617120539,
      "price_on_date": 5.8750624398494,
      "revenue_growth": 19.110449018277325,
      "earnings_growth": 23.76041810637641
    },
    {
      "date": "2024-02-04",
      "quarter": "Q1 2024",
      "revenue": 22930512.382079702,
      "earnings": 330683.1704622418,
      "eps_actual": 0.0012428725817787535,
      "eps_estimate": 0.0012007598138075893,
      "surprise_percent": 3.507176663218383,
      "price_on_date": 5.293008615511923,
      "revenue_growth": 18.025554159008223,
      "earnings_growth": 20.44736729342831
    },
    {
      "date": "2023-11-06",
      "quarter": "Q4 2023",
      "revenue": 21783986.76297571,
      "earnings": 314149.0119391297,
      "eps_actual": 0.0011807289526898157,
      "eps_estimate": 0.0011838783908773953,
      "surprise_percent": -0.2660271706830852,
      "price_on_date": 5.633197785387001,
      "revenue_growth": 19.400016256661658,
      "earnings_growth": 19.56701770914374
    }
  ],
  "metrics": {
    "revenue_trend": [
      {
        "date": "2025-07-28",
        "value": 31194076.10738762
      },
      {
        "date": "2025-04-29",
        "value": 29634372.30201824
      },
      {
        "date": "2025-01-29",
        "value": 28152653.686917327
      },
      {
        "date": "2024-10-31",
        "value": 26745021.00257146
      },
      {
        "date": "2024-08-02",
        "value": 25407769.952442884
      },
      {
        "date": "2024-05-04",
        "value": 24137381.454820737
      },
      {
        "date": "2024-02-04",
        "value": 22930512.382079702
      },
      {
        "date": "2023-11-06",
        "value": 21783986.76297571
      }
    ],
    "eps_trend": [
      {
        "date": "2025-07-28",
        "value": 0.0016907717220523567
      },
      {
        "date": "2025-04-29",
        "value": 0.001606233135949739
      },
      {
        "date": "2025-01-29",
        "value": 0.001525921479152252
      },
      {
        "date": "2024-10-31",
        "value": 0.0014496254051946393
      },
      {
        "date": "2024-08-02",
        "value": 0.001377144134934907
      },
      {
        "date": "2024-05-04",
        "value": 0.0013082869281881616
      },
      {
        "date": "2024-02-04",
        "value": 0.0012428725817787535
      },
      {
        "date": "2023-11-06",
        "value": 0.0011807289526898157
      }
    ],
    "earnings_dates": [
      "2025-07-28",
      "2025-04-29",
      "2025-01-29",
      "2024-10-31",
      "2024-08-02",
      "2024-05-04",
      "2024-02-04",
      "2023-11-06"
    ]
  },
  "analysis": {
    "avg_revenue_growth": 17.939017976298757,
    "avg_earnings_surprise": 0.18618930833343578,
    "consistency_score": 90,
    "trend_direction": "growing"
  }
}