{
  "ticker": "KLAC",
  "quarters": [
    {
      "date": "2025-07-28",
      "quarter": "Q3 2025",
      "revenue": 92406315.4029753,
      "earnings": 7867497.173251084,
      "eps_actual": 0.002810874117059254,
      "eps_estimate": 0.002839373423159064,
      "surprise_percent": -1.0037181396204615,
      "price_on_date": 0.6820816472538801,
      "revenue_growth": 33.171397895268925,
      "earnings_growth": 51.582254226368796
    },
    {
      "date": "2025-04-29",
      "quarter": "Q2 2025",
      "revenue": 87785999.63282654,
      "earnings": 7474122.314588529,
      "eps_actual": 0.002670330411206291,
      "eps_estimate": 0.0026026425620116265,
      "surprise_percent": 2.600735505621927,
      "price_on_date": 0.6163720406816865,
      "revenue_growth": 45.53282687562321,
      "earnings_growth": 34.668574614761816
    },
    {
      "date": "2025-01-29",
      "quarter": "Q1 2025",
      "revenue": 83396699.65118521,
      "earnings": 7100416.198859103,
      "eps_actual": 0.0025368138906459764,
      "eps_estimate": 0.0025675073702426305,
      "surprise_percent": -1.1954582858219236,
      "price_on_date": 0.5658900607472549,
      "revenue_growth": 36.76447102172351,
      "earnings_growth": 41.4770795866704
    },
    {
      "date": "2024-10-31",
      "quarter": "Q4 2024",
      "revenue": 79226864.66862594,
      "earnings": 6745395.388916146,
      "eps_actual": 0.002409973196113677,
      "eps_estimate": 0.0024299854649084025,
      "surprise_percent": -0.8235550822720575,
      "price_on_date": 0.5302791985312808,
      "revenue_growth": 43.6550816598462,
      "earnings_growth": 34.710671307366475
    },
    {
      "date": "2024-08-02",
      "quarter": "Q3 2024",
      "revenue": 75265521.43519464,
      "earnings": 6408125.619470339,
      "eps_actual": 0.0022894745363079934,
      "eps_estimate": 0.0021876445267922416,
      "surprise_percent": 4.65477861090466,
      "price_on_date": 0.5079414888117642,
      "revenue_growth": 38.213446694137446,
      "earnings_growth": 28.63886065800371
    },
    {
      "date": "2024-05-04",
      "quarter": "Q2 2024",
      "revenue": 71502245.3634349,
      "earnings": 6087719.338496821,
      "eps_actual": 0.0021750008094925935,
      "eps_estimate": 0.0021331249192701267,
      "surprise_percent": 1.9631241398087016,
      "price_on_date": 0.5303053498596341,
      "revenue_growth": 36.398988550173364,
      "earnings_growth": 33.23814868641009
    },
    {
      "date": "2024-02-04",
      "quarter": "Q1 2024",
      "revenue": 67927133.09526315,
      "earnings": 5783333.37157198,
      "eps_actual": 0.002066250769017964,
      "eps_estimate": 0.002049096926404182,
      "surprise_percent": 0.8371415911439587,
      "price_on_date": 0.4600858323590572,
      "revenue_growth": 37.06796029985387,
      "earnings_growth": 32.54202318153777
    },
    {
      "date": "2023-11-06",
      "quarter": "Q4 2023",
      "revenue": 64530776.44049999,
      "earnings": 5494166.702993381,
      "eps_actual": 0.0019629382305670654,
      "eps_estimate": 0.0019146174416925267,
      "surprise_percent": 2.5237829668898786,
      "price_on_date": 0.40649492353331107,
      "revenue_growth": 33.978181870552014,
      "earnings_growth": 29.175357453135327
    }
  ],
  "metrics": {
    "revenue_trend": [
      {
        "date": "2025-07-28",
        "value": 92406315.4029753
      },
      {
        "date": "2025-04-29",
        "value": 87785999.63282654
      },
      {
        "date": "2025-01-29",
        "value": 83396699.65118521
      },
      {
        "date": "2024-10-31",
        "value": 79226864.66862594
      },
      {
        "date": "2024-08-02",
        "value": 75265521.43519464
      },
      {
        "date": "2024-05-04",
        "value": 71502245.3634349
      },
      {
        "date": "2024-02-04",
        "value": 67927133.09526315
      },
      {
        "date": "2023-11-06",
        "value": 64530776.44049999
      }
    ],
    "eps_trend": [
      {
        "date": "2025-07-28",
        "value": 0.002810874117059254
      },
      {
        "date": "2025-04-29",
        "value": 0.002670330411206291
      },
      {
        "date": "2025-01-29",
        "value": 0.0025368138906459764
      },
      {
        "date": "2024-10-31",
        "value": 0.002409973196113677
      },
      {
        "date": "2024-08-02",
        "value": 0.0022894745363079934
      },
      {
        "date": "2024-05-04",
        "value": 0.0021750008094925935
      },
      {
        "date": "2024-02-04",
        "value": 0.002066250769017964
      },
      {
        "date": "2023-11-06",
        "value": 0.0019629382305670654
      }
    ],
    "earnings_dates": [
      "2025-07-28",
      "2025-04-29",
      "2025-01-29",
      "2024-10-31",
      "2024-08-02",
      "2024-05-04",
      "2024-02-04",
      "2023-11-06"
    ]
  },
  "analysis": {
    "avg_revenue_growth": 39.78094436311546,
    "avg_earnings_surprise": -0.10549900052312897,
    "consistency_score": 88,
    "trend_direction": "growing"
  }
}