{
  "ticker": "KMB",
  "quarters": [
    {
      "date": "2025-07-28",
      "quarter": "Q3 2025",
      "revenue": 118152201.98466861,
      "earnings": 9508264.706212226,
      "eps_actual": 0.002746783264142504,
      "eps_estimate": 0.0026847279760452243,
      "surprise_percent": 2.3114180896900787,
      "price_on_date": 0.3185985936405445,
      "revenue_growth": 20.370069685347683,
      "earnings_growth": 26.576679017784294
    },
    {
      "date": "2025-04-29",
      "quarter": "Q2 2025",
      "revenue": 112244591.88543518,
      "earnings": 9032851.470901614,
      "eps_actual": 0.0026094441009353784,
      "eps_estimate": 0.002626182817805969,
      "surprise_percent": -0.6373782037221242,
      "price_on_date": 0.3341941320488879,
      "revenue_growth": 18.420204142501905,
      "earnings_growth": 22.385615290316238
    },
    {
      "date": "2025-01-29",
      "quarter": "Q1 2025",
      "revenue": 106632362.29116341,
      "earnings": 8581208.897356534,
      "eps_actual": 0.0024789718958886098,
      "eps_estimate": 0.00246893936995684,
      "surprise_percent": 0.4063496274493352,
      "price_on_date": 0.28819076831250684,
      "revenue_growth": 21.90839358256199,
      "earnings_growth": 20.411072951524844
    },
    {
      "date": "2024-10-31",
      "quarter": "Q4 2024",
      "revenue": 101300744.17660524,
      "earnings": 8152148.452488706,
      "eps_actual": 0.0023550233010941786,
      "eps_estimate": 0.0022553196175152234,
      "surprise_percent": 4.420822787361853,
      "price_on_date": 0.2858509901792483,
      "revenue_growth": 18.344637134176494,
      "earnings_growth": 22.50188491041049
    },
    {
      "date": "2024-08-02",
      "quarter": "Q3 2024",
      "revenue": 96235706.96777497,
      "earnings": 7744541.029864271,
      "eps_actual": 0.00223727213603947,
      "eps_estimate": 0.0022051520440564566,
      "surprise_percent": 1.4565930757285661,
      "price_on_date": 0.2521455858678318,
      "revenue_growth": 26.95870242029954,
      "earnings_growth": 24.672517100501448
    },
    {
      "date": "2024-05-04",
      "quarter": "Q2 2024",
      "revenue": 91423921.61938621,
      "earnings": 7357313.978371056,
      "eps_actual": 0.002125408529237496,
      "eps_estimate": 0.0020809486390187194,
      "surprise_percent": 2.1365203054575015,
      "price_on_date": 0.23325625693449603,
      "revenue_growth": 24.338554568591245,
      "earnings_growth": 16.74820501802349
    },
    {
      "date": "2024-02-04",
      "quarter": "Q1 2024",
      "revenue": 86852725.5384169,
      "earnings": 6989448.279452504,
      "eps_actual": 0.002019138102775621,
      "eps_estimate": 0.0020153795400680847,
      "surprise_percent": 0.186494039103393,
      "price_on_date": 0.2514824714853174,
      "revenue_growth": 20.109954130714904,
      "earnings_growth": 15.963943199502438
    },
    {
      "date": "2023-11-06",
      "quarter": "Q4 2023",
      "revenue": 82510089.26149605,
      "earnings": 6639975.865479878,
      "eps_actual": 0.0019181811976368402,
      "eps_estimate": 0.0019406850594170034,
      "surprise_percent": -1.1595833992210725,
      "price_on_date": 0.2319456919818563,
      "revenue_growth": 22.542145621860897,
      "earnings_growth": 16.64399917803458
    }
  ],
  "metrics": {
    "revenue_trend": [
      {
        "date": "2025-07-28",
        "value": 118152201.98466861
      },
      {
        "date": "2025-04-29",
        "value": 112244591.88543518
      },
      {
        "date": "2025-01-29",
        "value": 106632362.29116341
      },
      {
        "date": "2024-10-31",
        "value": 101300744.17660524
      },
      {
        "date": "2024-08-02",
        "value": 96235706.96777497
      },
      {
        "date": "2024-05-04",
        "value": 91423921.61938621
      },
      {
        "date": "2024-02-04",
        "value": 86852725.5384169
      },
      {
        "date": "2023-11-06",
        "value": 82510089.26149605
      }
    ],
    "eps_trend": [
      {
        "date": "2025-07-28",
        "value": 0.002746783264142504
      },
      {
        "date": "2025-04-29",
        "value": 0.0026094441009353784
      },
      {
        "date": "2025-01-29",
        "value": 0.0024789718958886098
      },
      {
        "date": "2024-10-31",
        "value": 0.0023550233010941786
      },
      {
        "date": "2024-08-02",
        "value": 0.00223727213603947
      },
      {
        "date": "2024-05-04",
        "value": 0.002125408529237496
      },
      {
        "date": "2024-02-04",
        "value": 0.002019138102775621
      },
      {
        "date": "2023-11-06",
        "value": 0.0019181811976368402
      }
    ],
    "earnings_dates": [
      "2025-07-28",
      "2025-04-29",
      "2025-01-29",
      "2024-10-31",
      "2024-08-02",
      "2024-05-04",
      "2024-02-04",
      "2023-11-06"
    ]
  },
  "analysis": {
    "avg_revenue_growth": 19.760826136147017,
    "avg_earnings_surprise": 1.6253030751947857,
    "consistency_score": 95,
    "trend_direction": "growing"
  }
}