{
  "ticker": "KMI",
  "quarters": [
    {
      "date": "2025-07-28",
      "quarter": "Q3 2025",
      "revenue": 44787646.041292995,
      "earnings": 871379.5833845125,
      "eps_actual": 0.00018775280567144404,
      "eps_estimate": 0.00018740719309326797,
      "surprise_percent": 0.18441798976417761,
      "price_on_date": 0.21967648044573054,
      "revenue_growth": 6.428353309971369,
      "earnings_growth": 4.945267713351539
    },
    {
      "date": "2025-04-29",
      "quarter": "Q2 2025",
      "revenue": 42548263.739228345,
      "earnings": 827810.6042152868,
      "eps_actual": 0.00017836516538787182,
      "eps_estimate": 0.00017728151399186364,
      "surprise_percent": 0.6112602332908301,
      "price_on_date": 0.22429795189872867,
      "revenue_growth": 5.969238116867043,
      "earnings_growth": 4.9943256321134175
    },
    {
      "date": "2025-01-29",
      "quarter": "Q1 2025",
      "revenue": 40420850.552266926,
      "earnings": 786420.0740045224,
      "eps_actual": 0.00016944690711847822,
      "eps_estimate": 0.00016222340929830797,
      "surprise_percent": 4.452808538185246,
      "price_on_date": 0.2254959503716476,
      "revenue_growth": 6.80710557827198,
      "earnings_growth": 7.388146404773399
    },
    {
      "date": "2024-10-31",
      "quarter": "Q4 2024",
      "revenue": 38399808.02465358,
      "earnings": 747099.0703042962,
      "eps_actual": 0.0001609745617625543,
      "eps_estimate": 0.00015837858173458266,
      "surprise_percent": 1.6390979130764531,
      "price_on_date": 0.19441181807578586,
      "revenue_growth": 6.1267551905963265,
      "earnings_growth": 4.348561597732363
    },
    {
      "date": "2024-08-02",
      "quarter": "Q3 2024",
      "revenue": 36479817.623420894,
      "earnings": 709744.1167890814,
      "eps_actual": 0.00015292583367442657,
      "eps_estimate": 0.00015550874444493438,
      "surprise_percent": -1.6609424632210423,
      "price_on_date": 0.18454999070154007,
      "revenue_growth": 5.766208064944029,
      "earnings_growth": 5.7358060042414545
    },
    {
      "date": "2024-05-04",
      "quarter": "Q2 2024",
      "revenue": 34655826.74224985,
      "earnings": 674256.9109496272,
      "eps_actual": 0.00014527954199070522,
      "eps_estimate": 0.00014626912604421058,
      "surprise_percent": -0.6765501922847714,
      "price_on_date": 0.1654771532745805,
      "revenue_growth": 5.289673286582632,
      "earnings_growth": 5.17513552229983
    },
    {
      "date": "2024-02-04",
      "quarter": "Q1 2024",
      "revenue": 32923035.405137356,
      "earnings": 640544.065402146,
      "eps_actual": 0.00013801556489116999,
      "eps_estimate": 0.00013498953823386816,
      "surprise_percent": 2.2416749452533558,
      "price_on_date": 0.16005089622624072,
      "revenue_growth": 5.581094065638716,
      "earnings_growth": 6.959880383528676
    },
    {
      "date": "2023-11-06",
      "quarter": "Q4 2023",
      "revenue": 31276883.634880483,
      "earnings": 608516.8621320385,
      "eps_actual": 0.00013111478664661145,
      "eps_estimate": 0.0001291261676775603,
      "surprise_percent": 1.5400588469541667,
      "price_on_date": 0.1551097343003536,
      "revenue_growth": 6.825408677351428,
      "earnings_growth": 7.598545116775135
    }
  ],
  "metrics": {
    "revenue_trend": [
      {
        "date": "2025-07-28",
        "value": 44787646.041292995
      },
      {
        "date": "2025-04-29",
        "value": 42548263.739228345
      },
      {
        "date": "2025-01-29",
        "value": 40420850.552266926
      },
      {
        "date": "2024-10-31",
        "value": 38399808.02465358
      },
      {
        "date": "2024-08-02",
        "value": 36479817.623420894
      },
      {
        "date": "2024-05-04",
        "value": 34655826.74224985
      },
      {
        "date": "2024-02-04",
        "value": 32923035.405137356
      },
      {
        "date": "2023-11-06",
        "value": 31276883.634880483
      }
    ],
    "eps_trend": [
      {
        "date": "2025-07-28",
        "value": 0.00018775280567144404
      },
      {
        "date": "2025-04-29",
        "value": 0.00017836516538787182
      },
      {
        "date": "2025-01-29",
        "value": 0.00016944690711847822
      },
      {
        "date": "2024-10-31",
        "value": 0.0001609745617625543
      },
      {
        "date": "2024-08-02",
        "value": 0.00015292583367442657
      },
      {
        "date": "2024-05-04",
        "value": 0.00014527954199070522
      },
      {
        "date": "2024-02-04",
        "value": 0.00013801556489116999
      },
      {
        "date": "2023-11-06",
        "value": 0.00013111478664661145
      }
    ],
    "earnings_dates": [
      "2025-07-28",
      "2025-04-29",
      "2025-01-29",
      "2024-10-31",
      "2024-08-02",
      "2024-05-04",
      "2024-02-04",
      "2023-11-06"
    ]
  },
  "analysis": {
    "avg_revenue_growth": 6.332863048926679,
    "avg_earnings_surprise": 1.7218961685791767,
    "consistency_score": 72,
    "trend_direction": "growing"
  }
}