{
  "ticker": "KMX",
  "quarters": [
    {
      "date": "2025-07-28",
      "quarter": "Q3 2025",
      "revenue": 97194699.61212726,
      "earnings": 5646294.802421932,
      "eps_actual": 0.002064289753028594,
      "eps_estimate": 0.0020834465590475765,
      "surprise_percent": -0.9194767168753288,
      "price_on_date": 0.22691033167076863,
      "revenue_growth": -1.3177490665794,
      "earnings_growth": -1.1765640797605306
    },
    {
      "date": "2025-04-29",
      "quarter": "Q2 2025",
      "revenue": 92334964.6315209,
      "earnings": 5363980.062300836,
      "eps_actual": 0.0019610752653771643,
      "eps_estimate": 0.0019296018814052012,
      "surprise_percent": 1.6310817415374383,
      "price_on_date": 0.22893902096713672,
      "revenue_growth": -1.3914946604666594,
      "earnings_growth": -1.40058299862206
    },
    {
      "date": "2025-01-29",
      "quarter": "Q1 2025",
      "revenue": 87718216.39994484,
      "earnings": 5095781.059185793,
      "eps_actual": 0.0018630215021083055,
      "eps_estimate": 0.0018867377257352537,
      "surprise_percent": -1.256996311859192,
      "price_on_date": 0.1902150888694919,
      "revenue_growth": -1.6557262552211194,
      "earnings_growth": -2.09055619168522
    },
    {
      "date": "2024-10-31",
      "quarter": "Q4 2024",
      "revenue": 83332305.57994759,
      "earnings": 4840992.006226503,
      "eps_actual": 0.0017698704270028903,
      "eps_estimate": 0.001743270945676436,
      "surprise_percent": 1.5258374719331456,
      "price_on_date": 0.1812316885310824,
      "revenue_growth": -1.734862039011734,
      "earnings_growth": -1.39401235391139
    },
    {
      "date": "2024-08-02",
      "quarter": "Q3 2024",
      "revenue": 79165690.30095021,
      "earnings": 4598942.405915178,
      "eps_actual": 0.0016813769056527458,
      "eps_estimate": 0.0016325562736897179,
      "surprise_percent": 2.990440988149772,
      "price_on_date": 0.16620341870038377,
      "revenue_growth": -1.7056522922764246,
      "earnings_growth": -1.4621044000718708
    },
    {
      "date": "2024-05-04",
      "quarter": "Q2 2024",
      "revenue": 75207405.7859027,
      "earnings": 4368995.285619418,
      "eps_actual": 0.001597308060370108,
      "eps_estimate": 0.0015195415526151712,
      "surprise_percent": 5.1177611840293915,
      "price_on_date": 0.1812301375029346,
      "revenue_growth": -1.8673626300345834,
      "earnings_growth": -1.7970843667740466
    },
    {
      "date": "2024-02-04",
      "quarter": "Q1 2024",
      "revenue": 71447035.49660756,
      "earnings": 4150545.5213384475,
      "eps_actual": 0.0015174426573516028,
      "eps_estimate": 0.0014784690694595558,
      "surprise_percent": 2.636077324654043,
      "price_on_date": 0.14906955465728908,
      "revenue_growth": -1.5273428118880907,
      "earnings_growth": -1.1465443424753499
    },
    {
      "date": "2023-11-06",
      "quarter": "Q4 2023",
      "revenue": 67874683.72177717,
      "earnings": 3943018.2452715244,
      "eps_actual": 0.0014415705244840223,
      "eps_estimate": 0.0014099993425983192,
      "surprise_percent": 2.239091957839097,
      "price_on_date": 0.17152927488249262,
      "revenue_growth": -1.7330359549689893,
      "earnings_growth": -1.7437070476898207
    }
  ],
  "metrics": {
    "revenue_trend": [
      {
        "date": "2025-07-28",
        "value": 97194699.61212726
      },
      {
        "date": "2025-04-29",
        "value": 92334964.6315209
      },
      {
        "date": "2025-01-29",
        "value": 87718216.39994484
      },
      {
        "date": "2024-10-31",
        "value": 83332305.57994759
      },
      {
        "date": "2024-08-02",
        "value": 79165690.30095021
      },
      {
        "date": "2024-05-04",
        "value": 75207405.7859027
      },
      {
        "date": "2024-02-04",
        "value": 71447035.49660756
      },
      {
        "date": "2023-11-06",
        "value": 67874683.72177717
      }
    ],
    "eps_trend": [
      {
        "date": "2025-07-28",
        "value": 0.002064289753028594
      },
      {
        "date": "2025-04-29",
        "value": 0.0019610752653771643
      },
      {
        "date": "2025-01-29",
        "value": 0.0018630215021083055
      },
      {
        "date": "2024-10-31",
        "value": 0.0017698704270028903
      },
      {
        "date": "2024-08-02",
        "value": 0.0016813769056527458
      },
      {
        "date": "2024-05-04",
        "value": 0.001597308060370108
      },
      {
        "date": "2024-02-04",
        "value": 0.0015174426573516028
      },
      {
        "date": "2023-11-06",
        "value": 0.0014415705244840223
      }
    ],
    "earnings_dates": [
      "2025-07-28",
      "2025-04-29",
      "2025-01-29",
      "2024-10-31",
      "2024-08-02",
      "2024-05-04",
      "2024-02-04",
      "2023-11-06"
    ]
  },
  "analysis": {
    "avg_revenue_growth": -1.5249580053197282,
    "avg_earnings_surprise": 0.24511154618401576,
    "consistency_score": 64,
    "trend_direction": "stable"
  }
}