{
  "ticker": "KO",
  "quarters": [
    {
      "date": "2025-07-28",
      "quarter": "Q3 2025",
      "revenue": 100087041334.12135,
      "earnings": 5645412731.284979,
      "eps_actual": 1.767181311225871,
      "eps_estimate": 1.6877803696905,
      "surprise_percent": 4.704459357465522,
      "price_on_date": 559.2505337462546,
      "revenue_growth": -18.016930100159957,
      "earnings_growth": -15.478338717811713
    },
    {
      "date": "2025-04-29",
      "quarter": "Q2 2025",
      "revenue": 95082689267.41528,
      "earnings": 5363142094.72073,
      "eps_actual": 1.6788222456645774,
      "eps_estimate": 1.6324583655122091,
      "surprise_percent": 2.84012634759116,
      "price_on_date": 536.2632184991372,
      "revenue_growth": -19.364276718649247,
      "earnings_growth": -15.706935029380762
    },
    {
      "date": "2025-01-29",
      "quarter": "Q1 2025",
      "revenue": 90328554804.04453,
      "earnings": 5094984989.984694,
      "eps_actual": 1.5948811333813486,
      "eps_estimate": 1.5380772822822253,
      "surprise_percent": 3.693172752336398,
      "price_on_date": 430.55397339502423,
      "revenue_growth": -18.4814429148878,
      "earnings_growth": -16.3476880355543
    },
    {
      "date": "2024-10-31",
      "quarter": "Q4 2024",
      "revenue": 85812127063.84229,
      "earnings": 4840235740.485458,
      "eps_actual": 1.515137076712281,
      "eps_estimate": 1.526494013055249,
      "surprise_percent": -0.7439882663042535,
      "price_on_date": 444.6105476649345,
      "revenue_growth": -17.267967409432483,
      "earnings_growth": -20.61145894468964
    },
    {
      "date": "2024-08-02",
      "quarter": "Q3 2024",
      "revenue": 81521520710.65016,
      "earnings": 4598223953.461185,
      "eps_actual": 1.439380222876667,
      "eps_estimate": 1.3801661620646035,
      "surprise_percent": 4.290357381569522,
      "price_on_date": 404.7819233754317,
      "revenue_growth": -16.584914040341655,
      "earnings_growth": -18.98388685882412
    },
    {
      "date": "2024-05-04",
      "quarter": "Q2 2024",
      "revenue": 77445444675.11765,
      "earnings": 4368312755.788125,
      "eps_actual": 1.3674112117328332,
      "eps_estimate": 1.3453225980892998,
      "surprise_percent": 1.64188230205193,
      "price_on_date": 369.3306195267292,
      "revenue_growth": -15.511169486135895,
      "earnings_growth": -14.54810325604524
    },
    {
      "date": "2024-02-04",
      "quarter": "Q1 2024",
      "revenue": 73573172441.36177,
      "earnings": 4149897117.9987197,
      "eps_actual": 1.2990406511461918,
      "eps_estimate": 1.2445050108850668,
      "surprise_percent": 4.382114960094887,
      "price_on_date": 365.84754547155853,
      "revenue_growth": -13.303408074614405,
      "earnings_growth": -15.64723740242586
    },
    {
      "date": "2023-11-06",
      "quarter": "Q4 2023",
      "revenue": 69894513819.29367,
      "earnings": 3942402262.098783,
      "eps_actual": 1.2340886185888822,
      "eps_estimate": 1.2294460838230337,
      "surprise_percent": 0.37761190400576955,
      "price_on_date": 327.96585021727833,
      "revenue_growth": -17.65403427734309,
      "earnings_growth": -16.641136311140233
    }
  ],
  "metrics": {
    "revenue_trend": [
      {
        "date": "2025-07-28",
        "value": 100087041334.12135
      },
      {
        "date": "2025-04-29",
        "value": 95082689267.41528
      },
      {
        "date": "2025-01-29",
        "value": 90328554804.04453
      },
      {
        "date": "2024-10-31",
        "value": 85812127063.84229
      },
      {
        "date": "2024-08-02",
        "value": 81521520710.65016
      },
      {
        "date": "2024-05-04",
        "value": 77445444675.11765
      },
      {
        "date": "2024-02-04",
        "value": 73573172441.36177
      },
      {
        "date": "2023-11-06",
        "value": 69894513819.29367
      }
    ],
    "eps_trend": [
      {
        "date": "2025-07-28",
        "value": 1.767181311225871
      },
      {
        "date": "2025-04-29",
        "value": 1.6788222456645774
      },
      {
        "date": "2025-01-29",
        "value": 1.5948811333813486
      },
      {
        "date": "2024-10-31",
        "value": 1.515137076712281
      },
      {
        "date": "2024-08-02",
        "value": 1.439380222876667
      },
      {
        "date": "2024-05-04",
        "value": 1.3674112117328332
      },
      {
        "date": "2024-02-04",
        "value": 1.2990406511461918
      },
      {
        "date": "2023-11-06",
        "value": 1.2340886185888822
      }
    ],
    "earnings_dates": [
      "2025-07-28",
      "2025-04-29",
      "2025-01-29",
      "2024-10-31",
      "2024-08-02",
      "2024-05-04",
      "2024-02-04",
      "2023-11-06"
    ]
  },
  "analysis": {
    "avg_revenue_growth": -18.28265428578237,
    "avg_earnings_surprise": 2.623442547772207,
    "consistency_score": 90,
    "trend_direction": "declining"
  }
}