{
  "ticker": "KR",
  "quarters": [
    {
      "date": "2025-07-28",
      "quarter": "Q3 2025",
      "revenue": 69103529.1087564,
      "earnings": 1164359.4063808557,
      "eps_actual": 0.0007545227313303817,
      "eps_estimate": 0.0007666473645123398,
      "surprise_percent": -1.5815137106315529,
      "price_on_date": 0.35246496950668293,
      "revenue_growth": 14.195403239620408,
      "earnings_growth": 13.422298630098462
    },
    {
      "date": "2025-04-29",
      "quarter": "Q2 2025",
      "revenue": 65648352.65331857,
      "earnings": 1106141.4360618128,
      "eps_actual": 0.0007167965947638625,
      "eps_estimate": 0.0006930371520946003,
      "surprise_percent": 3.4283072123121894,
      "price_on_date": 0.3149461937998057,
      "revenue_growth": 11.632184414501694,
      "earnings_growth": 14.114853913946343
    },
    {
      "date": "2025-01-29",
      "quarter": "Q1 2025",
      "revenue": 62365935.020652644,
      "earnings": 1050834.3642587222,
      "eps_actual": 0.0006809567650256694,
      "eps_estimate": 0.0006830976686741845,
      "surprise_percent": -0.3134110606277434,
      "price_on_date": 0.3598335023930006,
      "revenue_growth": 11.506573196477921,
      "earnings_growth": 16.382608481965015
    },
    {
      "date": "2024-10-31",
      "quarter": "Q4 2024",
      "revenue": 59247638.26962,
      "earnings": 998292.6460457859,
      "eps_actual": 0.0006469089267743858,
      "eps_estimate": 0.0006556142195568454,
      "surprise_percent": -1.3278071955705562,
      "price_on_date": 0.29644291186738225,
      "revenue_growth": 14.993634036024707,
      "earnings_growth": 10.927617743538587
    },
    {
      "date": "2024-08-02",
      "quarter": "Q3 2024",
      "revenue": 56285256.356139004,
      "earnings": 948378.0137434966,
      "eps_actual": 0.0006145634804356666,
      "eps_estimate": 0.0006073176077923091,
      "surprise_percent": 1.1930944452108472,
      "price_on_date": 0.31949651372840054,
      "revenue_growth": 15.304742258803138,
      "earnings_growth": 14.35024041367261
    },
    {
      "date": "2024-05-04",
      "quarter": "Q2 2024",
      "revenue": 53470993.538332045,
      "earnings": 900959.1130563216,
      "eps_actual": 0.0005838353064138831,
      "eps_estimate": 0.0005652949550822416,
      "surprise_percent": 3.279765928380543,
      "price_on_date": 0.2906332177399836,
      "revenue_growth": 11.517504674603039,
      "earnings_growth": 13.044872629237553
    },
    {
      "date": "2024-02-04",
      "quarter": "Q1 2024",
      "revenue": 50797443.861415446,
      "earnings": 855911.1574035056,
      "eps_actual": 0.000554643541093189,
      "eps_estimate": 0.0005591860688147785,
      "surprise_percent": -0.8123463682165006,
      "price_on_date": 0.24509193052982797,
      "revenue_growth": 15.46840041619247,
      "earnings_growth": 14.849392821223201
    },
    {
      "date": "2023-11-06",
      "quarter": "Q4 2023",
      "revenue": 48257571.66834467,
      "earnings": 813115.5995333303,
      "eps_actual": 0.0005269113640385295,
      "eps_estimate": 0.000518665115360114,
      "surprise_percent": 1.5898984593729681,
      "price_on_date": 0.2416548911326042,
      "revenue_growth": 14.152433591092027,
      "earnings_growth": 14.537364068260578
    }
  ],
  "metrics": {
    "revenue_trend": [
      {
        "date": "2025-07-28",
        "value": 69103529.1087564
      },
      {
        "date": "2025-04-29",
        "value": 65648352.65331857
      },
      {
        "date": "2025-01-29",
        "value": 62365935.020652644
      },
      {
        "date": "2024-10-31",
        "value": 59247638.26962
      },
      {
        "date": "2024-08-02",
        "value": 56285256.356139004
      },
      {
        "date": "2024-05-04",
        "value": 53470993.538332045
      },
      {
        "date": "2024-02-04",
        "value": 50797443.861415446
      },
      {
        "date": "2023-11-06",
        "value": 48257571.66834467
      }
    ],
    "eps_trend": [
      {
        "date": "2025-07-28",
        "value": 0.0007545227313303817
      },
      {
        "date": "2025-04-29",
        "value": 0.0007167965947638625
      },
      {
        "date": "2025-01-29",
        "value": 0.0006809567650256694
      },
      {
        "date": "2024-10-31",
        "value": 0.0006469089267743858
      },
      {
        "date": "2024-08-02",
        "value": 0.0006145634804356666
      },
      {
        "date": "2024-05-04",
        "value": 0.0005838353064138831
      },
      {
        "date": "2024-02-04",
        "value": 0.000554643541093189
      },
      {
        "date": "2023-11-06",
        "value": 0.0005269113640385295
      }
    ],
    "earnings_dates": [
      "2025-07-28",
      "2025-04-29",
      "2025-01-29",
      "2024-10-31",
      "2024-08-02",
      "2024-05-04",
      "2024-02-04",
      "2023-11-06"
    ]
  },
  "analysis": {
    "avg_revenue_growth": 13.081948721656182,
    "avg_earnings_surprise": 0.05139381137058424,
    "consistency_score": 86,
    "trend_direction": "growing"
  }
}