{
  "ticker": "KVUE",
  "quarters": [
    {
      "date": "2025-07-28",
      "quarter": "Q3 2025",
      "revenue": 52007887.87257168,
      "earnings": 3670869.5418312633,
      "eps_actual": 0.001206407242994347,
      "eps_estimate": 0.0012278792337807333,
      "surprise_percent": -1.7487054260436137,
      "price_on_date": 0.25995485013626407,
      "revenue_growth": -14.031310126625405,
      "earnings_growth": -16.97746727446683
    },
    {
      "date": "2025-04-29",
      "quarter": "Q2 2025",
      "revenue": 49407493.47894309,
      "earnings": 3487326.0647397,
      "eps_actual": 0.0011460868808446296,
      "eps_estimate": 0.0011312221917794073,
      "surprise_percent": 1.31403796471144,
      "price_on_date": 0.250537750750624,
      "revenue_growth": -16.57159726532921,
      "earnings_growth": -12.898147965231786
    },
    {
      "date": "2025-01-29",
      "quarter": "Q1 2025",
      "revenue": 46937118.80499594,
      "earnings": 3312959.7615027153,
      "eps_actual": 0.001088782536802398,
      "eps_estimate": 0.00110135557967004,
      "surprise_percent": -1.1415970554585881,
      "price_on_date": 0.20457872187130155,
      "revenue_growth": -17.870964011866597,
      "earnings_growth": -21.540202929681136
    },
    {
      "date": "2024-10-31",
      "quarter": "Q4 2024",
      "revenue": 44590262.86474614,
      "earnings": 3147311.773427579,
      "eps_actual": 0.0010343434099622782,
      "eps_estimate": 0.000992540984739196,
      "surprise_percent": 4.211657338670629,
      "price_on_date": 0.19269081108779149,
      "revenue_growth": -16.467624277654778,
      "earnings_growth": -19.50685257464307
    },
    {
      "date": "2024-08-02",
      "quarter": "Q3 2024",
      "revenue": 42360749.72150883,
      "earnings": 2989946.1847562003,
      "eps_actual": 0.0009826262394641643,
      "eps_estimate": 0.0009419657172494458,
      "surprise_percent": 4.316560727225598,
      "price_on_date": 0.20160739084499235,
      "revenue_growth": -17.07227515023326,
      "earnings_growth": -19.41914038927582
    },
    {
      "date": "2024-05-04",
      "quarter": "Q2 2024",
      "revenue": 40242712.23543338,
      "earnings": 2840448.8755183895,
      "eps_actual": 0.0009334949274909558,
      "eps_estimate": 0.0009042276129003689,
      "surprise_percent": 3.236719844985721,
      "price_on_date": 0.18404755226958755,
      "revenue_growth": -16.525905467660696,
      "earnings_growth": -20.170544668054923
    },
    {
      "date": "2024-02-04",
      "quarter": "Q1 2024",
      "revenue": 38230576.62366171,
      "earnings": 2698426.4317424702,
      "eps_actual": 0.0008868201811164081,
      "eps_estimate": 0.0008498246990268706,
      "surprise_percent": 4.3533074682226625,
      "price_on_date": 0.1786776380496329,
      "revenue_growth": -14.892787836803372,
      "earnings_growth": -17.288592559771576
    },
    {
      "date": "2023-11-06",
      "quarter": "Q4 2023",
      "revenue": 36319047.79247862,
      "earnings": 2563505.1101553463,
      "eps_actual": 0.0008424791720605875,
      "eps_estimate": 0.0008572077562213231,
      "surprise_percent": -1.7182047238654277,
      "price_on_date": 0.18439400722437063,
      "revenue_growth": -16.352004533130582,
      "earnings_growth": -12.171912181815621
    }
  ],
  "metrics": {
    "revenue_trend": [
      {
        "date": "2025-07-28",
        "value": 52007887.87257168
      },
      {
        "date": "2025-04-29",
        "value": 49407493.47894309
      },
      {
        "date": "2025-01-29",
        "value": 46937118.80499594
      },
      {
        "date": "2024-10-31",
        "value": 44590262.86474614
      },
      {
        "date": "2024-08-02",
        "value": 42360749.72150883
      },
      {
        "date": "2024-05-04",
        "value": 40242712.23543338
      },
      {
        "date": "2024-02-04",
        "value": 38230576.62366171
      },
      {
        "date": "2023-11-06",
        "value": 36319047.79247862
      }
    ],
    "eps_trend": [
      {
        "date": "2025-07-28",
        "value": 0.001206407242994347
      },
      {
        "date": "2025-04-29",
        "value": 0.0011460868808446296
      },
      {
        "date": "2025-01-29",
        "value": 0.001088782536802398
      },
      {
        "date": "2024-10-31",
        "value": 0.0010343434099622782
      },
      {
        "date": "2024-08-02",
        "value": 0.0009826262394641643
      },
      {
        "date": "2024-05-04",
        "value": 0.0009334949274909558
      },
      {
        "date": "2024-02-04",
        "value": 0.0008868201811164081
      },
      {
        "date": "2023-11-06",
        "value": 0.0008424791720605875
      }
    ],
    "earnings_dates": [
      "2025-07-28",
      "2025-04-29",
      "2025-01-29",
      "2024-10-31",
      "2024-08-02",
      "2024-05-04",
      "2024-02-04",
      "2023-11-06"
    ]
  },
  "analysis": {
    "avg_revenue_growth": -16.235373920369,
    "avg_earnings_surprise": 0.6588482054699668,
    "consistency_score": 87,
    "trend_direction": "declining"
  }
}