{
  "ticker": "L",
  "quarters": [
    {
      "date": "2025-07-28",
      "quarter": "Q3 2025",
      "revenue": 106621599.47383969,
      "earnings": 7778833.910551366,
      "eps_actual": 0.00587833698059893,
      "eps_estimate": 0.005740993654886314,
      "surprise_percent": 2.3923267289403634,
      "price_on_date": 0.7622211843383933,
      "revenue_growth": 52.53670147965484,
      "earnings_growth": 40.47768391198652
    },
    {
      "date": "2025-04-29",
      "quarter": "Q2 2025",
      "revenue": 101290519.5001477,
      "earnings": 7389892.215023798,
      "eps_actual": 0.005584420131568983,
      "eps_estimate": 0.005450197278760643,
      "surprise_percent": 2.4627154934630404,
      "price_on_date": 0.7437141149231267,
      "revenue_growth": 49.133022650708114,
      "earnings_growth": 49.09473688589316
    },
    {
      "date": "2025-01-29",
      "quarter": "Q1 2025",
      "revenue": 96225993.52514032,
      "earnings": 7020397.604272608,
      "eps_actual": 0.005305199124990534,
      "eps_estimate": 0.0053889715742769465,
      "surprise_percent": -1.5545164440332557,
      "price_on_date": 0.6441621755673459,
      "revenue_growth": 49.78585235180068,
      "earnings_growth": 50.0536912486126
    },
    {
      "date": "2024-10-31",
      "quarter": "Q4 2024",
      "revenue": 91414693.84888329,
      "earnings": 6669377.724058976,
      "eps_actual": 0.005039939168741006,
      "eps_estimate": 0.004870157725538565,
      "surprise_percent": 3.4861590275018366,
      "price_on_date": 0.6186654778781134,
      "revenue_growth": 37.57920920212412,
      "earnings_growth": 48.62146841013785
    },
    {
      "date": "2024-08-02",
      "quarter": "Q3 2024",
      "revenue": 86843959.15643913,
      "earnings": 6335908.837856028,
      "eps_actual": 0.004787942210303956,
      "eps_estimate": 0.004771814288989849,
      "surprise_percent": 0.33798300473093096,
      "price_on_date": 0.6279478938099365,
      "revenue_growth": 45.85071997054156,
      "earnings_growth": 34.78010134111495
    },
    {
      "date": "2024-05-04",
      "quarter": "Q2 2024",
      "revenue": 82501761.19861716,
      "earnings": 6019113.3959632255,
      "eps_actual": 0.004548545099788757,
      "eps_estimate": 0.004495120132502497,
      "surprise_percent": 1.1885103336830742,
      "price_on_date": 0.6492392428710153,
      "revenue_growth": 37.068221656201935,
      "earnings_growth": 38.9885203320168
    },
    {
      "date": "2024-02-04",
      "quarter": "Q1 2024",
      "revenue": 78376673.1386863,
      "earnings": 5718157.726165065,
      "eps_actual": 0.00432111784479932,
      "eps_estimate": 0.004237668790453607,
      "surprise_percent": 1.9692207785021467,
      "price_on_date": 0.5927579448624052,
      "revenue_growth": 46.834172765191774,
      "earnings_growth": 42.27639681246847
    },
    {
      "date": "2023-11-06",
      "quarter": "Q4 2023",
      "revenue": 74457839.48175198,
      "earnings": 5432249.839856811,
      "eps_actual": 0.004105061952559354,
      "eps_estimate": 0.004034545746882753,
      "surprise_percent": 1.7478102889546845,
      "price_on_date": 0.5692691450305134,
      "revenue_growth": 41.43174936199459,
      "earnings_growth": 41.91344691918507
    }
  ],
  "metrics": {
    "revenue_trend": [
      {
        "date": "2025-07-28",
        "value": 106621599.47383969
      },
      {
        "date": "2025-04-29",
        "value": 101290519.5001477
      },
      {
        "date": "2025-01-29",
        "value": 96225993.52514032
      },
      {
        "date": "2024-10-31",
        "value": 91414693.84888329
      },
      {
        "date": "2024-08-02",
        "value": 86843959.15643913
      },
      {
        "date": "2024-05-04",
        "value": 82501761.19861716
      },
      {
        "date": "2024-02-04",
        "value": 78376673.1386863
      },
      {
        "date": "2023-11-06",
        "value": 74457839.48175198
      }
    ],
    "eps_trend": [
      {
        "date": "2025-07-28",
        "value": 0.00587833698059893
      },
      {
        "date": "2025-04-29",
        "value": 0.005584420131568983
      },
      {
        "date": "2025-01-29",
        "value": 0.005305199124990534
      },
      {
        "date": "2024-10-31",
        "value": 0.005039939168741006
      },
      {
        "date": "2024-08-02",
        "value": 0.004787942210303956
      },
      {
        "date": "2024-05-04",
        "value": 0.004548545099788757
      },
      {
        "date": "2024-02-04",
        "value": 0.00432111784479932
      },
      {
        "date": "2023-11-06",
        "value": 0.004105061952559354
      }
    ],
    "earnings_dates": [
      "2025-07-28",
      "2025-04-29",
      "2025-01-29",
      "2024-10-31",
      "2024-08-02",
      "2024-05-04",
      "2024-02-04",
      "2023-11-06"
    ]
  },
  "analysis": {
    "avg_revenue_growth": 47.25869642107193,
    "avg_earnings_surprise": 1.6966712014679959,
    "consistency_score": 62,
    "trend_direction": "growing"
  }
}