{
  "ticker": "LC",
  "quarters": [
    {
      "date": "2025-07-28",
      "quarter": "Q3 2025",
      "revenue": 350874989.1638521,
      "earnings": 34799811.09077698,
      "eps_actual": 0.0628155723302205,
      "eps_estimate": 0.06298211314870965,
      "surprise_percent": -0.2644255807929434,
      "price_on_date": 49.39491871306908,
      "revenue_growth": 19.200695523326154,
      "earnings_growth": 22.07312148102148
    },
    {
      "date": "2025-04-29",
      "quarter": "Q2 2025",
      "revenue": 333331239.70565945,
      "earnings": 33059820.53623813,
      "eps_actual": 0.05967479371370948,
      "eps_estimate": 0.05924137241963409,
      "surprise_percent": 0.7316192660177782,
      "price_on_date": 47.802592190649285,
      "revenue_growth": 19.2615634595646,
      "earnings_growth": 18.820281475617193
    },
    {
      "date": "2025-01-29",
      "quarter": "Q1 2025",
      "revenue": 316664677.7203765,
      "earnings": 31406829.509426225,
      "eps_actual": 0.056691054028024004,
      "eps_estimate": 0.055015834119673736,
      "surprise_percent": 3.0449777507803115,
      "price_on_date": 39.533855033945066,
      "revenue_growth": 22.568013103306328,
      "earnings_growth": 18.67254991556909
    },
    {
      "date": "2024-10-31",
      "quarter": "Q4 2024",
      "revenue": 300831443.8343577,
      "earnings": 29836488.033954915,
      "eps_actual": 0.053856501326622806,
      "eps_estimate": 0.05459487703353241,
      "surprise_percent": -1.3524633574247142,
      "price_on_date": 44.39791458213869,
      "revenue_growth": 20.514956034166467,
      "earnings_growth": 20.01060410653501
    },
    {
      "date": "2024-08-02",
      "quarter": "Q3 2024",
      "revenue": 285789871.64263976,
      "earnings": 28344663.632257164,
      "eps_actual": 0.05116367626029166,
      "eps_estimate": 0.04891446690516198,
      "surprise_percent": 4.598249756029384,
      "price_on_date": 35.841704124126096,
      "revenue_growth": 25.375371110520025,
      "earnings_growth": 24.329090895965287
    },
    {
      "date": "2024-05-04",
      "quarter": "Q2 2024",
      "revenue": 271500378.0605077,
      "earnings": 26927430.4506443,
      "eps_actual": 0.04860549244727706,
      "eps_estimate": 0.04697593216937778,
      "surprise_percent": 3.4689259002326818,
      "price_on_date": 34.092586473973576,
      "revenue_growth": 23.528477930932347,
      "earnings_growth": 28.643360558329082
    },
    {
      "date": "2024-02-04",
      "quarter": "Q1 2024",
      "revenue": 257925359.15748236,
      "earnings": 25581058.92811209,
      "eps_actual": 0.04617521782491322,
      "eps_estimate": 0.044621586365162315,
      "surprise_percent": 3.481793424009416,
      "price_on_date": 38.165250859456556,
      "revenue_growth": 23.156899744496066,
      "earnings_growth": 25.173156481670205
    },
    {
      "date": "2023-11-06",
      "quarter": "Q4 2023",
      "revenue": 245029091.1996082,
      "earnings": 24302005.98170648,
      "eps_actual": 0.04386645693366755,
      "eps_estimate": 0.04201669592141686,
      "surprise_percent": 4.402442818707758,
      "price_on_date": 34.36397329558889,
      "revenue_growth": 23.125469296119814,
      "earnings_growth": 22.074594195453056
    }
  ],
  "metrics": {
    "revenue_trend": [
      {
        "date": "2025-07-28",
        "value": 350874989.1638521
      },
      {
        "date": "2025-04-29",
        "value": 333331239.70565945
      },
      {
        "date": "2025-01-29",
        "value": 316664677.7203765
      },
      {
        "date": "2024-10-31",
        "value": 300831443.8343577
      },
      {
        "date": "2024-08-02",
        "value": 285789871.64263976
      },
      {
        "date": "2024-05-04",
        "value": 271500378.0605077
      },
      {
        "date": "2024-02-04",
        "value": 257925359.15748236
      },
      {
        "date": "2023-11-06",
        "value": 245029091.1996082
      }
    ],
    "eps_trend": [
      {
        "date": "2025-07-28",
        "value": 0.0628155723302205
      },
      {
        "date": "2025-04-29",
        "value": 0.05967479371370948
      },
      {
        "date": "2025-01-29",
        "value": 0.056691054028024004
      },
      {
        "date": "2024-10-31",
        "value": 0.053856501326622806
      },
      {
        "date": "2024-08-02",
        "value": 0.05116367626029166
      },
      {
        "date": "2024-05-04",
        "value": 0.04860549244727706
      },
      {
        "date": "2024-02-04",
        "value": 0.04617521782491322
      },
      {
        "date": "2023-11-06",
        "value": 0.04386645693366755
      }
    ],
    "earnings_dates": [
      "2025-07-28",
      "2025-04-29",
      "2025-01-29",
      "2024-10-31",
      "2024-08-02",
      "2024-05-04",
      "2024-02-04",
      "2023-11-06"
    ]
  },
  "analysis": {
    "avg_revenue_growth": 20.386307030090887,
    "avg_earnings_surprise": 0.539927019645108,
    "consistency_score": 70,
    "trend_direction": "growing"
  }
}