{
  "ticker": "LCID",
  "quarters": [
    {
      "date": "2025-07-28",
      "quarter": "Q3 2025",
      "revenue": 904508716.8209162,
      "earnings": 101146115.5218504,
      "eps_actual": 0.21353045094427,
      "eps_estimate": 0.2115444126293026,
      "surprise_percent": 0.9388280646521353,
      "price_on_date": 188.19915436920837,
      "revenue_growth": 38.31560819300592,
      "earnings_growth": 41.98239288804993
    },
    {
      "date": "2025-04-29",
      "quarter": "Q2 2025",
      "revenue": 859283280.9798703,
      "earnings": 96088809.74575788,
      "eps_actual": 0.2028539283970565,
      "eps_estimate": 0.19985775404367861,
      "surprise_percent": 1.4991534192479032,
      "price_on_date": 165.3908783195592,
      "revenue_growth": 42.59567116477447,
      "earnings_growth": 59.46140428272262
    },
    {
      "date": "2025-01-29",
      "quarter": "Q1 2025",
      "revenue": 816319116.9308769,
      "earnings": 91284369.25847,
      "eps_actual": 0.1927112319772037,
      "eps_estimate": 0.1944294730808049,
      "surprise_percent": -0.8837348969655023,
      "price_on_date": 161.0042401190002,
      "revenue_growth": 42.382513089600955,
      "earnings_growth": 35.30590857636206
    },
    {
      "date": "2024-10-31",
      "quarter": "Q4 2024",
      "revenue": 775503161.084333,
      "earnings": 86720150.79554649,
      "eps_actual": 0.1830756703783435,
      "eps_estimate": 0.181828417556295,
      "surprise_percent": 0.6859504354770801,
      "price_on_date": 172.68989255541177,
      "revenue_growth": 46.176444501130284,
      "earnings_growth": 49.41892151267779
    },
    {
      "date": "2024-08-02",
      "quarter": "Q3 2024",
      "revenue": 736728003.0301162,
      "earnings": 82384143.25576915,
      "eps_actual": 0.17392188685942628,
      "eps_estimate": 0.1717696277295932,
      "surprise_percent": 1.2529916716250054,
      "price_on_date": 157.3338747126526,
      "revenue_growth": 41.79290842901498,
      "earnings_growth": 40.10560602781328
    },
    {
      "date": "2024-05-04",
      "quarter": "Q2 2024",
      "revenue": 699891602.8786104,
      "earnings": 78264936.0929807,
      "eps_actual": 0.16522579251645497,
      "eps_estimate": 0.16766478159592968,
      "surprise_percent": -1.454681809894128,
      "price_on_date": 148.67853331595657,
      "revenue_growth": 48.326115417565134,
      "earnings_growth": 53.41962891063756
    },
    {
      "date": "2024-02-04",
      "quarter": "Q1 2024",
      "revenue": 664897022.7346798,
      "earnings": 74351689.28833166,
      "eps_actual": 0.1569645028906322,
      "eps_estimate": 0.15326665993369962,
      "surprise_percent": 2.4126858108164004,
      "price_on_date": 150.0392897485991,
      "revenue_growth": 38.9339196467372,
      "earnings_growth": 56.17505924641582
    },
    {
      "date": "2023-11-06",
      "quarter": "Q4 2023",
      "revenue": 631652171.5979458,
      "earnings": 70634104.82391506,
      "eps_actual": 0.1491162777461006,
      "eps_estimate": 0.14646248218837912,
      "surprise_percent": 1.81192856905714,
      "price_on_date": 123.45732576819535,
      "revenue_growth": 44.50999981100623,
      "earnings_growth": 41.8829708302545
    }
  ],
  "metrics": {
    "revenue_trend": [
      {
        "date": "2025-07-28",
        "value": 904508716.8209162
      },
      {
        "date": "2025-04-29",
        "value": 859283280.9798703
      },
      {
        "date": "2025-01-29",
        "value": 816319116.9308769
      },
      {
        "date": "2024-10-31",
        "value": 775503161.084333
      },
      {
        "date": "2024-08-02",
        "value": 736728003.0301162
      },
      {
        "date": "2024-05-04",
        "value": 699891602.8786104
      },
      {
        "date": "2024-02-04",
        "value": 664897022.7346798
      },
      {
        "date": "2023-11-06",
        "value": 631652171.5979458
      }
    ],
    "eps_trend": [
      {
        "date": "2025-07-28",
        "value": 0.21353045094427
      },
      {
        "date": "2025-04-29",
        "value": 0.2028539283970565
      },
      {
        "date": "2025-01-29",
        "value": 0.1927112319772037
      },
      {
        "date": "2024-10-31",
        "value": 0.1830756703783435
      },
      {
        "date": "2024-08-02",
        "value": 0.17392188685942628
      },
      {
        "date": "2024-05-04",
        "value": 0.16522579251645497
      },
      {
        "date": "2024-02-04",
        "value": 0.1569645028906322
      },
      {
        "date": "2023-11-06",
        "value": 0.1491162777461006
      }
    ],
    "earnings_dates": [
      "2025-07-28",
      "2025-04-29",
      "2025-01-29",
      "2024-10-31",
      "2024-08-02",
      "2024-05-04",
      "2024-02-04",
      "2023-11-06"
    ]
  },
  "analysis": {
    "avg_revenue_growth": 42.36755923712791,
    "avg_earnings_surprise": 0.5600492556029041,
    "consistency_score": 90,
    "trend_direction": "growing"
  }
}