{
  "ticker": "LDOS",
  "quarters": [
    {
      "date": "2025-07-28",
      "quarter": "Q3 2025",
      "revenue": 88377397.95885739,
      "earnings": 6492624.070256611,
      "eps_actual": 0.03181084797194828,
      "eps_estimate": 0.03133828457344689,
      "surprise_percent": 1.5079427764907067,
      "price_on_date": 8.752000784420783,
      "revenue_growth": -9.570040833520425,
      "earnings_growth": -11.93494047903942
    },
    {
      "date": "2025-04-29",
      "quarter": "Q2 2025",
      "revenue": 83958528.06091452,
      "earnings": 6167992.866743781,
      "eps_actual": 0.03022030557335087,
      "eps_estimate": 0.028805948435134333,
      "surprise_percent": 4.90994817060583,
      "price_on_date": 8.227291959477316,
      "revenue_growth": -9.435915900139452,
      "earnings_growth": -11.15625102321648
    },
    {
      "date": "2025-01-29",
      "quarter": "Q1 2025",
      "revenue": 79760601.65786879,
      "earnings": 5859593.223406591,
      "eps_actual": 0.028709290294683325,
      "eps_estimate": 0.02876023648262844,
      "surprise_percent": -0.17714106063031204,
      "price_on_date": 8.831422835678081,
      "revenue_growth": -9.449202001616685,
      "earnings_growth": -8.864930217895644
    },
    {
      "date": "2024-10-31",
      "quarter": "Q4 2024",
      "revenue": 75772571.57497534,
      "earnings": 5566613.562236262,
      "eps_actual": 0.027273825779949155,
      "eps_estimate": 0.026046878731163337,
      "surprise_percent": 4.710533885650793,
      "price_on_date": 7.6086990899165805,
      "revenue_growth": -10.542434945123045,
      "earnings_growth": -11.0669309527605
    },
    {
      "date": "2024-08-02",
      "quarter": "Q3 2024",
      "revenue": 71983942.99622658,
      "earnings": 5288282.8841244485,
      "eps_actual": 0.025910134490951697,
      "eps_estimate": 0.024921648306072356,
      "surprise_percent": 3.9663756294903205,
      "price_on_date": 7.535576200484498,
      "revenue_growth": -9.284491019546069,
      "earnings_growth": -11.244314238452203
    },
    {
      "date": "2024-05-04",
      "quarter": "Q2 2024",
      "revenue": 68384745.84641524,
      "earnings": 5023868.7399182245,
      "eps_actual": 0.024614627766404107,
      "eps_estimate": 0.023966581806919147,
      "surprise_percent": 2.7039565537788515,
      "price_on_date": 6.614428582385024,
      "revenue_growth": -9.82550270018208,
      "earnings_growth": -10.870458983972647
    },
    {
      "date": "2024-02-04",
      "quarter": "Q1 2024",
      "revenue": 64965508.55409448,
      "earnings": 4772675.302922314,
      "eps_actual": 0.023383896378083906,
      "eps_estimate": 0.023288638734190868,
      "surprise_percent": 0.40903053622102176,
      "price_on_date": 6.840229092319828,
      "revenue_growth": -10.355715112682375,
      "earnings_growth": -8.947313451179223
    },
    {
      "date": "2023-11-06",
      "quarter": "Q4 2023",
      "revenue": 61717233.12638974,
      "earnings": 4534041.537776197,
      "eps_actual": 0.022214701559179702,
      "eps_estimate": 0.02201889062703781,
      "surprise_percent": 0.8892860928308944,
      "price_on_date": 5.881522637881076,
      "revenue_growth": -11.845112149102357,
      "earnings_growth": -11.605319728799095
    }
  ],
  "metrics": {
    "revenue_trend": [
      {
        "date": "2025-07-28",
        "value": 88377397.95885739
      },
      {
        "date": "2025-04-29",
        "value": 83958528.06091452
      },
      {
        "date": "2025-01-29",
        "value": 79760601.65786879
      },
      {
        "date": "2024-10-31",
        "value": 75772571.57497534
      },
      {
        "date": "2024-08-02",
        "value": 71983942.99622658
      },
      {
        "date": "2024-05-04",
        "value": 68384745.84641524
      },
      {
        "date": "2024-02-04",
        "value": 64965508.55409448
      },
      {
        "date": "2023-11-06",
        "value": 61717233.12638974
      }
    ],
    "eps_trend": [
      {
        "date": "2025-07-28",
        "value": 0.03181084797194828
      },
      {
        "date": "2025-04-29",
        "value": 0.03022030557335087
      },
      {
        "date": "2025-01-29",
        "value": 0.028709290294683325
      },
      {
        "date": "2024-10-31",
        "value": 0.027273825779949155
      },
      {
        "date": "2024-08-02",
        "value": 0.025910134490951697
      },
      {
        "date": "2024-05-04",
        "value": 0.024614627766404107
      },
      {
        "date": "2024-02-04",
        "value": 0.023383896378083906
      },
      {
        "date": "2023-11-06",
        "value": 0.022214701559179702
      }
    ],
    "earnings_dates": [
      "2025-07-28",
      "2025-04-29",
      "2025-01-29",
      "2024-10-31",
      "2024-08-02",
      "2024-05-04",
      "2024-02-04",
      "2023-11-06"
    ]
  },
  "analysis": {
    "avg_revenue_growth": -9.7493984200999,
    "avg_earnings_surprise": 2.737820943029254,
    "consistency_score": 86,
    "trend_direction": "declining"
  }
}