{
  "ticker": "LEN",
  "quarters": [
    {
      "date": "2025-07-28",
      "quarter": "Q3 2025",
      "revenue": 117593409.78377536,
      "earnings": 8738456.807713874,
      "eps_actual": 0.007203554938597729,
      "eps_estimate": 0.007183002021704501,
      "surprise_percent": 0.2861326898019019,
      "price_on_date": 1.2703036625171298,
      "revenue_growth": 33.23215827786439,
      "earnings_growth": 23.610573165554563
    },
    {
      "date": "2025-04-29",
      "quarter": "Q2 2025",
      "revenue": 111713739.29458658,
      "earnings": 8301533.96732818,
      "eps_actual": 0.0068433771916678425,
      "eps_estimate": 0.006744571548415828,
      "surprise_percent": 1.464965454702933,
      "price_on_date": 1.2974852579392535,
      "revenue_growth": 31.20418497055093,
      "earnings_growth": 32.125575850929835
    },
    {
      "date": "2025-01-29",
      "quarter": "Q1 2025",
      "revenue": 106128052.32985726,
      "earnings": 7886457.268961771,
      "eps_actual": 0.006501208332084451,
      "eps_estimate": 0.006433631875501687,
      "surprise_percent": 1.0503624996028236,
      "price_on_date": 1.2278304423488295,
      "revenue_growth": 28.1112560461331,
      "earnings_growth": 37.387896036346326
    },
    {
      "date": "2024-10-31",
      "quarter": "Q4 2024",
      "revenue": 100821649.71336439,
      "earnings": 7492134.405513682,
      "eps_actual": 0.006176147915480228,
      "eps_estimate": 0.006093430903858221,
      "surprise_percent": 1.3574784538810831,
      "price_on_date": 1.1804998480702429,
      "revenue_growth": 23.721428851794236,
      "earnings_growth": 20.75271936636313
    },
    {
      "date": "2024-08-02",
      "quarter": "Q3 2024",
      "revenue": 95780567.22769617,
      "earnings": 7117527.685237998,
      "eps_actual": 0.005867340519706216,
      "eps_estimate": 0.00597054624516581,
      "surprise_percent": -1.7285809576160078,
      "price_on_date": 0.9518225869082706,
      "revenue_growth": 30.56787140521972,
      "earnings_growth": 27.153942511052367
    },
    {
      "date": "2024-05-04",
      "quarter": "Q2 2024",
      "revenue": 90991538.86631134,
      "earnings": 6761651.300976097,
      "eps_actual": 0.005573973493720904,
      "eps_estimate": 0.005444236024287079,
      "surprise_percent": 2.3830243372083375,
      "price_on_date": 1.070409822468462,
      "revenue_growth": 31.90356020219024,
      "earnings_growth": 25.02160710261578
    },
    {
      "date": "2024-02-04",
      "quarter": "Q1 2024",
      "revenue": 86441961.92299578,
      "earnings": 6423568.735927292,
      "eps_actual": 0.005295274819034859,
      "eps_estimate": 0.005149574110922456,
      "surprise_percent": 2.8293739438251047,
      "price_on_date": 0.8963399785710143,
      "revenue_growth": 26.531839728455147,
      "earnings_growth": 23.04099686406163
    },
    {
      "date": "2023-11-06",
      "quarter": "Q4 2023",
      "revenue": 82119863.82684597,
      "earnings": 6102390.299130926,
      "eps_actual": 0.005030511078083115,
      "eps_estimate": 0.00493425137393473,
      "surprise_percent": 1.950847187414865,
      "price_on_date": 0.8893338577450922,
      "revenue_growth": 26.432288239349344,
      "earnings_growth": 32.402820691124695
    }
  ],
  "metrics": {
    "revenue_trend": [
      {
        "date": "2025-07-28",
        "value": 117593409.78377536
      },
      {
        "date": "2025-04-29",
        "value": 111713739.29458658
      },
      {
        "date": "2025-01-29",
        "value": 106128052.32985726
      },
      {
        "date": "2024-10-31",
        "value": 100821649.71336439
      },
      {
        "date": "2024-08-02",
        "value": 95780567.22769617
      },
      {
        "date": "2024-05-04",
        "value": 90991538.86631134
      },
      {
        "date": "2024-02-04",
        "value": 86441961.92299578
      },
      {
        "date": "2023-11-06",
        "value": 82119863.82684597
      }
    ],
    "eps_trend": [
      {
        "date": "2025-07-28",
        "value": 0.007203554938597729
      },
      {
        "date": "2025-04-29",
        "value": 0.0068433771916678425
      },
      {
        "date": "2025-01-29",
        "value": 0.006501208332084451
      },
      {
        "date": "2024-10-31",
        "value": 0.006176147915480228
      },
      {
        "date": "2024-08-02",
        "value": 0.005867340519706216
      },
      {
        "date": "2024-05-04",
        "value": 0.005573973493720904
      },
      {
        "date": "2024-02-04",
        "value": 0.005295274819034859
      },
      {
        "date": "2023-11-06",
        "value": 0.005030511078083115
      }
    ],
    "earnings_dates": [
      "2025-07-28",
      "2025-04-29",
      "2025-01-29",
      "2024-10-31",
      "2024-08-02",
      "2024-05-04",
      "2024-02-04",
      "2023-11-06"
    ]
  },
  "analysis": {
    "avg_revenue_growth": 29.067257036585666,
    "avg_earnings_surprise": 1.0397347744971854,
    "consistency_score": 89,
    "trend_direction": "growing"
  }
}