{
  "ticker": "LH",
  "quarters": [
    {
      "date": "2025-07-28",
      "quarter": "Q3 2025",
      "revenue": 105888944.86839613,
      "earnings": 4426261.778177557,
      "eps_actual": 0.001004799375002849,
      "eps_estimate": 0.0010079454058706334,
      "surprise_percent": -0.3121231417357259,
      "price_on_date": 0.33226541882376925,
      "revenue_growth": 33.89464918851119,
      "earnings_growth": 40.99695924778132
    },
    {
      "date": "2025-04-29",
      "quarter": "Q2 2025",
      "revenue": 100594497.62497632,
      "earnings": 4204948.689268678,
      "eps_actual": 0.0009545594062527065,
      "eps_estimate": 0.0009276005002234862,
      "surprise_percent": 2.906305680379117,
      "price_on_date": 0.3378526483872587,
      "revenue_growth": 38.62742115999791,
      "earnings_growth": 40.39394920313275
    },
    {
      "date": "2025-01-29",
      "quarter": "Q1 2025",
      "revenue": 95564772.7437275,
      "earnings": 3994701.2548052445,
      "eps_actual": 0.0009068314359400711,
      "eps_estimate": 0.0008810097695618139,
      "surprise_percent": 2.9309171442105706,
      "price_on_date": 0.2853727990352834,
      "revenue_growth": 47.339248901015985,
      "earnings_growth": 54.3218162266973
    },
    {
      "date": "2024-10-31",
      "quarter": "Q4 2024",
      "revenue": 90786534.10654113,
      "earnings": 3794966.192064982,
      "eps_actual": 0.0008614898641430675,
      "eps_estimate": 0.0008661260999100916,
      "surprise_percent": -0.5352841540631741,
      "price_on_date": 0.2787665971184007,
      "revenue_growth": 41.653586048182596,
      "earnings_growth": 34.4495947775801
    },
    {
      "date": "2024-08-02",
      "quarter": "Q3 2024",
      "revenue": 86247207.40121406,
      "earnings": 3605217.8824617327,
      "eps_actual": 0.0008184153709359141,
      "eps_estimate": 0.000818877656517625,
      "surprise_percent": -0.05645355909169325,
      "price_on_date": 0.2932817180971237,
      "revenue_growth": 49.437411670450565,
      "earnings_growth": 51.607593166709385
    },
    {
      "date": "2024-05-04",
      "quarter": "Q2 2024",
      "revenue": 81934847.03115335,
      "earnings": 3424956.9883386455,
      "eps_actual": 0.0007774946023891183,
      "eps_estimate": 0.0007610345116364785,
      "surprise_percent": 2.162857334451906,
      "price_on_date": 0.23665342324445415,
      "revenue_growth": 46.5841581466366,
      "earnings_growth": 47.16389872906473
    },
    {
      "date": "2024-02-04",
      "quarter": "Q1 2024",
      "revenue": 77838104.67959568,
      "earnings": 3253709.138921713,
      "eps_actual": 0.0007386198722696624,
      "eps_estimate": 0.0007333239415652437,
      "surprise_percent": 0.7221816177329207,
      "price_on_date": 0.2663189923643256,
      "revenue_growth": 48.44185820024222,
      "earnings_growth": 48.6264268591111
    },
    {
      "date": "2023-11-06",
      "quarter": "Q4 2023",
      "revenue": 73946199.44561589,
      "earnings": 3091023.6819756273,
      "eps_actual": 0.0007016888786561792,
      "eps_estimate": 0.0007010640987194141,
      "surprise_percent": 0.08911880353113645,
      "price_on_date": 0.23301111996485166,
      "revenue_growth": 43.480633518134475,
      "earnings_growth": 32.65999302052135
    }
  ],
  "metrics": {
    "revenue_trend": [
      {
        "date": "2025-07-28",
        "value": 105888944.86839613
      },
      {
        "date": "2025-04-29",
        "value": 100594497.62497632
      },
      {
        "date": "2025-01-29",
        "value": 95564772.7437275
      },
      {
        "date": "2024-10-31",
        "value": 90786534.10654113
      },
      {
        "date": "2024-08-02",
        "value": 86247207.40121406
      },
      {
        "date": "2024-05-04",
        "value": 81934847.03115335
      },
      {
        "date": "2024-02-04",
        "value": 77838104.67959568
      },
      {
        "date": "2023-11-06",
        "value": 73946199.44561589
      }
    ],
    "eps_trend": [
      {
        "date": "2025-07-28",
        "value": 0.001004799375002849
      },
      {
        "date": "2025-04-29",
        "value": 0.0009545594062527065
      },
      {
        "date": "2025-01-29",
        "value": 0.0009068314359400711
      },
      {
        "date": "2024-10-31",
        "value": 0.0008614898641430675
      },
      {
        "date": "2024-08-02",
        "value": 0.0008184153709359141
      },
      {
        "date": "2024-05-04",
        "value": 0.0007774946023891183
      },
      {
        "date": "2024-02-04",
        "value": 0.0007386198722696624
      },
      {
        "date": "2023-11-06",
        "value": 0.0007016888786561792
      }
    ],
    "earnings_dates": [
      "2025-07-28",
      "2025-04-29",
      "2025-01-29",
      "2024-10-31",
      "2024-08-02",
      "2024-05-04",
      "2024-02-04",
      "2023-11-06"
    ]
  },
  "analysis": {
    "avg_revenue_growth": 40.37872632442692,
    "avg_earnings_surprise": 1.2474538821976968,
    "consistency_score": 70,
    "trend_direction": "growing"
  }
}