{
  "ticker": "LHX",
  "quarters": [
    {
      "date": "2025-07-28",
      "quarter": "Q3 2025",
      "revenue": 66168088.280247346,
      "earnings": 4857120.041722162,
      "eps_actual": 0.002282107373161225,
      "eps_estimate": 0.0022536923326276354,
      "surprise_percent": 1.2608216357757964,
      "price_on_date": 0.567325887942592,
      "revenue_growth": 47.0325142941991,
      "earnings_growth": 51.532694418737215
    },
    {
      "date": "2025-04-29",
      "quarter": "Q2 2025",
      "revenue": 62859683.86623497,
      "earnings": 4614264.039636053,
      "eps_actual": 0.0021680020045031635,
      "eps_estimate": 0.002160472614427797,
      "surprise_percent": 0.34850661957410406,
      "price_on_date": 0.5179934834636364,
      "revenue_growth": 41.03918796596149,
      "earnings_growth": 46.107678538363075
    },
    {
      "date": "2025-01-29",
      "quarter": "Q1 2025",
      "revenue": 59716699.67292323,
      "earnings": 4383550.837654252,
      "eps_actual": 0.0020596019042780057,
      "eps_estimate": 0.0019875725578076733,
      "surprise_percent": 3.623985760287514,
      "price_on_date": 0.4841315622687087,
      "revenue_growth": 44.02941648850482,
      "earnings_growth": 51.22950513005139
    },
    {
      "date": "2024-10-31",
      "quarter": "Q4 2024",
      "revenue": 56730864.68927706,
      "earnings": 4164373.2957715383,
      "eps_actual": 0.001956621809064105,
      "eps_estimate": 0.001953992740880033,
      "surprise_percent": 0.1345485133628551,
      "price_on_date": 0.4924386869524492,
      "revenue_growth": 45.6231239707817,
      "earnings_growth": 39.87484015213884
    },
    {
      "date": "2024-08-02",
      "quarter": "Q3 2024",
      "revenue": 53894321.454813205,
      "earnings": 3956154.630982961,
      "eps_actual": 0.0018587907186108997,
      "eps_estimate": 0.001834677759818349,
      "surprise_percent": 1.3142884990843384,
      "price_on_date": 0.4738568738257208,
      "revenue_growth": 48.01807890306788,
      "earnings_growth": 49.08161935827132
    },
    {
      "date": "2024-05-04",
      "quarter": "Q2 2024",
      "revenue": 51199605.38207254,
      "earnings": 3758346.8994338126,
      "eps_actual": 0.0017658511826803545,
      "eps_estimate": 0.0017608966389982656,
      "surprise_percent": 0.28136482132803664,
      "price_on_date": 0.4187173075645765,
      "revenue_growth": 35.71039914123102,
      "earnings_growth": 36.466231251202665
    },
    {
      "date": "2024-02-04",
      "quarter": "Q1 2024",
      "revenue": 48639625.112968914,
      "earnings": 3570429.5544621223,
      "eps_actual": 0.001677558623546337,
      "eps_estimate": 0.0017084327002271865,
      "surprise_percent": -1.8071579100975967,
      "price_on_date": 0.39079415586715016,
      "revenue_growth": 49.91864343462029,
      "earnings_growth": 35.260234595945164
    },
    {
      "date": "2023-11-06",
      "quarter": "Q4 2023",
      "revenue": 46207643.857320465,
      "earnings": 3391908.0767390155,
      "eps_actual": 0.0015936806923690199,
      "eps_estimate": 0.0015854241146974878,
      "surprise_percent": 0.5207803763668278,
      "price_on_date": 0.39786910381270363,
      "revenue_growth": 48.38906599404921,
      "earnings_growth": 48.36460988070957
    }
  ],
  "metrics": {
    "revenue_trend": [
      {
        "date": "2025-07-28",
        "value": 66168088.280247346
      },
      {
        "date": "2025-04-29",
        "value": 62859683.86623497
      },
      {
        "date": "2025-01-29",
        "value": 59716699.67292323
      },
      {
        "date": "2024-10-31",
        "value": 56730864.68927706
      },
      {
        "date": "2024-08-02",
        "value": 53894321.454813205
      },
      {
        "date": "2024-05-04",
        "value": 51199605.38207254
      },
      {
        "date": "2024-02-04",
        "value": 48639625.112968914
      },
      {
        "date": "2023-11-06",
        "value": 46207643.857320465
      }
    ],
    "eps_trend": [
      {
        "date": "2025-07-28",
        "value": 0.002282107373161225
      },
      {
        "date": "2025-04-29",
        "value": 0.0021680020045031635
      },
      {
        "date": "2025-01-29",
        "value": 0.0020596019042780057
      },
      {
        "date": "2024-10-31",
        "value": 0.001956621809064105
      },
      {
        "date": "2024-08-02",
        "value": 0.0018587907186108997
      },
      {
        "date": "2024-05-04",
        "value": 0.0017658511826803545
      },
      {
        "date": "2024-02-04",
        "value": 0.001677558623546337
      },
      {
        "date": "2023-11-06",
        "value": 0.0015936806923690199
      }
    ],
    "earnings_dates": [
      "2025-07-28",
      "2025-04-29",
      "2025-01-29",
      "2024-10-31",
      "2024-08-02",
      "2024-05-04",
      "2024-02-04",
      "2023-11-06"
    ]
  },
  "analysis": {
    "avg_revenue_growth": 44.43106067986178,
    "avg_earnings_surprise": 1.3419656322500675,
    "consistency_score": 88,
    "trend_direction": "growing"
  }
}