{
  "ticker": "LII",
  "quarters": [
    {
      "date": "2025-07-28",
      "quarter": "Q3 2025",
      "revenue": 60909211.7660602,
      "earnings": 8252707.898086918,
      "eps_actual": 0.012177184359859577,
      "eps_estimate": 0.011603455627215093,
      "surprise_percent": 4.944464399888284,
      "price_on_date": 0.4987373467224375,
      "revenue_growth": 5.339931722778041,
      "earnings_growth": 4.287645097237817
    },
    {
      "date": "2025-04-29",
      "quarter": "Q2 2025",
      "revenue": 57863751.17775719,
      "earnings": 7840072.503182571,
      "eps_actual": 0.011568325141866597,
      "eps_estimate": 0.011770892588003236,
      "surprise_percent": -1.7209183128821792,
      "price_on_date": 0.4767488372360142,
      "revenue_growth": 6.651539598275636,
      "earnings_growth": 7.742492078005945
    },
    {
      "date": "2025-01-29",
      "quarter": "Q1 2025",
      "revenue": 54970563.618869334,
      "earnings": 7448068.878023443,
      "eps_actual": 0.010989908884773268,
      "eps_estimate": 0.010785889937602417,
      "surprise_percent": 1.8915355928080406,
      "price_on_date": 0.4034563173393777,
      "revenue_growth": 4.892645473623535,
      "earnings_growth": 7.174223295551439
    },
    {
      "date": "2024-10-31",
      "quarter": "Q4 2024",
      "revenue": 52222035.43792586,
      "earnings": 7075665.43412227,
      "eps_actual": 0.010440413440534603,
      "eps_estimate": 0.010308920153941215,
      "surprise_percent": 1.275529198304213,
      "price_on_date": 0.4189089780593875,
      "revenue_growth": 4.990331365762119,
      "earnings_growth": 5.664655815123601
    },
    {
      "date": "2024-08-02",
      "quarter": "Q3 2024",
      "revenue": 49610933.666029565,
      "earnings": 6721882.162416156,
      "eps_actual": 0.009918392768507873,
      "eps_estimate": 0.009929700124735513,
      "surprise_percent": -0.11387409574909911,
      "price_on_date": 0.3963056445224214,
      "revenue_growth": 5.397936515182036,
      "earnings_growth": 5.556386096784497
    },
    {
      "date": "2024-05-04",
      "quarter": "Q2 2024",
      "revenue": 47130386.98272808,
      "earnings": 6385788.054295347,
      "eps_actual": 0.009422473130082477,
      "eps_estimate": 0.009365853791356906,
      "surprise_percent": 0.6045293892781138,
      "price_on_date": 0.3725675020503393,
      "revenue_growth": 5.619118280790315,
      "earnings_growth": 6.553691985445385
    },
    {
      "date": "2024-02-04",
      "quarter": "Q1 2024",
      "revenue": 44773867.633591674,
      "earnings": 6066498.65158058,
      "eps_actual": 0.008951349473578353,
      "eps_estimate": 0.008878900608881253,
      "surprise_percent": 0.8159666144323272,
      "price_on_date": 0.35924282170163296,
      "revenue_growth": 6.069695556226611,
      "earnings_growth": 6.170917694206565
    },
    {
      "date": "2023-11-06",
      "quarter": "Q4 2023",
      "revenue": 42535174.25191209,
      "earnings": 5763173.71900155,
      "eps_actual": 0.008503781999899434,
      "eps_estimate": 0.00829644181801959,
      "surprise_percent": 2.4991458558717183,
      "price_on_date": 0.3485616869838796,
      "revenue_growth": 7.249963625167027,
      "earnings_growth": 7.720359800115026
    }
  ],
  "metrics": {
    "revenue_trend": [
      {
        "date": "2025-07-28",
        "value": 60909211.7660602
      },
      {
        "date": "2025-04-29",
        "value": 57863751.17775719
      },
      {
        "date": "2025-01-29",
        "value": 54970563.618869334
      },
      {
        "date": "2024-10-31",
        "value": 52222035.43792586
      },
      {
        "date": "2024-08-02",
        "value": 49610933.666029565
      },
      {
        "date": "2024-05-04",
        "value": 47130386.98272808
      },
      {
        "date": "2024-02-04",
        "value": 44773867.633591674
      },
      {
        "date": "2023-11-06",
        "value": 42535174.25191209
      }
    ],
    "eps_trend": [
      {
        "date": "2025-07-28",
        "value": 0.012177184359859577
      },
      {
        "date": "2025-04-29",
        "value": 0.011568325141866597
      },
      {
        "date": "2025-01-29",
        "value": 0.010989908884773268
      },
      {
        "date": "2024-10-31",
        "value": 0.010440413440534603
      },
      {
        "date": "2024-08-02",
        "value": 0.009918392768507873
      },
      {
        "date": "2024-05-04",
        "value": 0.009422473130082477
      },
      {
        "date": "2024-02-04",
        "value": 0.008951349473578353
      },
      {
        "date": "2023-11-06",
        "value": 0.008503781999899434
      }
    ],
    "earnings_dates": [
      "2025-07-28",
      "2025-04-29",
      "2025-01-29",
      "2024-10-31",
      "2024-08-02",
      "2024-05-04",
      "2024-02-04",
      "2023-11-06"
    ]
  },
  "analysis": {
    "avg_revenue_growth": 5.468612040109832,
    "avg_earnings_surprise": 1.5976527195295898,
    "consistency_score": 87,
    "trend_direction": "growing"
  }
}