{
  "ticker": "LIN",
  "quarters": [
    {
      "date": "2025-07-28",
      "quarter": "Q3 2025",
      "revenue": 21028514.65817906,
      "earnings": 5980246.769748604,
      "eps_actual": 0.0013020080551048594,
      "eps_estimate": 0.0012735529697541917,
      "surprise_percent": 2.234307172646283,
      "price_on_date": 0.21807757299103386,
      "revenue_growth": 53.735377279532386,
      "earnings_growth": 41.06228021673898
    },
    {
      "date": "2025-04-29",
      "quarter": "Q2 2025",
      "revenue": 19977088.925270107,
      "earnings": 5681234.431261173,
      "eps_actual": 0.0012369076523496164,
      "eps_estimate": 0.0012392442614273759,
      "surprise_percent": -0.1885511315636973,
      "price_on_date": 0.20858228451591043,
      "revenue_growth": 56.72402905654835,
      "earnings_growth": 56.17996532076587
    },
    {
      "date": "2025-01-29",
      "quarter": "Q1 2025",
      "revenue": 18978234.4790066,
      "earnings": 5397172.709698115,
      "eps_actual": 0.0011750622697321354,
      "eps_estimate": 0.0011718693216846048,
      "surprise_percent": 0.2724662202898736,
      "price_on_date": 0.19534968742836548,
      "revenue_growth": 48.02016293403964,
      "earnings_growth": 36.888513285622516
    },
    {
      "date": "2024-10-31",
      "quarter": "Q4 2024",
      "revenue": 18029322.75505627,
      "earnings": 5127314.074213209,
      "eps_actual": 0.0011163091562455287,
      "eps_estimate": 0.0010835827034109556,
      "surprise_percent": 3.0202081236213085,
      "price_on_date": 0.17823369543659576,
      "revenue_growth": 56.170390323422005,
      "earnings_growth": 59.19311719914493
    },
    {
      "date": "2024-08-02",
      "quarter": "Q3 2024",
      "revenue": 17127856.617303453,
      "earnings": 4870948.370502547,
      "eps_actual": 0.001060493698433252,
      "eps_estimate": 0.0010663068786477816,
      "surprise_percent": -0.5451695314862367,
      "price_on_date": 0.1582096204251789,
      "revenue_growth": 49.22221413319726,
      "earnings_growth": 50.21321397936105
    },
    {
      "date": "2024-05-04",
      "quarter": "Q2 2024",
      "revenue": 16271463.78643828,
      "earnings": 4627400.95197742,
      "eps_actual": 0.0010074690135115894,
      "eps_estimate": 0.0009765062291328713,
      "surprise_percent": 3.1707718245906866,
      "price_on_date": 0.14697651009386883,
      "revenue_growth": 44.88603390615244,
      "earnings_growth": 46.64686104971006
    },
    {
      "date": "2024-02-04",
      "quarter": "Q1 2024",
      "revenue": 15457890.597116366,
      "earnings": 4396030.904378549,
      "eps_actual": 0.0009570955628360099,
      "eps_estimate": 0.0009432564946922329,
      "surprise_percent": 1.4671585323451692,
      "price_on_date": 0.1398345827130088,
      "revenue_growth": 46.45039261467036,
      "earnings_growth": 37.93896147505438
    },
    {
      "date": "2023-11-06",
      "quarter": "Q4 2023",
      "revenue": 14684996.067260547,
      "earnings": 4176229.359159621,
      "eps_actual": 0.0009092407846942093,
      "eps_estimate": 0.0008825537223315579,
      "surprise_percent": 3.0238456523812225,
      "price_on_date": 0.13458534088614624,
      "revenue_growth": 51.04970551232681,
      "earnings_growth": 44.93822746877325
    }
  ],
  "metrics": {
    "revenue_trend": [
      {
        "date": "2025-07-28",
        "value": 21028514.65817906
      },
      {
        "date": "2025-04-29",
        "value": 19977088.925270107
      },
      {
        "date": "2025-01-29",
        "value": 18978234.4790066
      },
      {
        "date": "2024-10-31",
        "value": 18029322.75505627
      },
      {
        "date": "2024-08-02",
        "value": 17127856.617303453
      },
      {
        "date": "2024-05-04",
        "value": 16271463.78643828
      },
      {
        "date": "2024-02-04",
        "value": 15457890.597116366
      },
      {
        "date": "2023-11-06",
        "value": 14684996.067260547
      }
    ],
    "eps_trend": [
      {
        "date": "2025-07-28",
        "value": 0.0013020080551048594
      },
      {
        "date": "2025-04-29",
        "value": 0.0012369076523496164
      },
      {
        "date": "2025-01-29",
        "value": 0.0011750622697321354
      },
      {
        "date": "2024-10-31",
        "value": 0.0011163091562455287
      },
      {
        "date": "2024-08-02",
        "value": 0.001060493698433252
      },
      {
        "date": "2024-05-04",
        "value": 0.0010074690135115894
      },
      {
        "date": "2024-02-04",
        "value": 0.0009570955628360099
      },
      {
        "date": "2023-11-06",
        "value": 0.0009092407846942093
      }
    ],
    "earnings_dates": [
      "2025-07-28",
      "2025-04-29",
      "2025-01-29",
      "2024-10-31",
      "2024-08-02",
      "2024-05-04",
      "2024-02-04",
      "2023-11-06"
    ]
  },
  "analysis": {
    "avg_revenue_growth": 53.662489898385594,
    "avg_earnings_surprise": 1.3346075962484418,
    "consistency_score": 86,
    "trend_direction": "growing"
  }
}