{
  "ticker": "LKQ",
  "quarters": [
    {
      "date": "2025-07-28",
      "quarter": "Q3 2025",
      "revenue": 86153366.6629244,
      "earnings": 3694501.333367354,
      "eps_actual": 0.0007857440918791173,
      "eps_estimate": 0.0007939321857031215,
      "surprise_percent": -1.0313341581879198,
      "price_on_date": 0.17330230453098394,
      "revenue_growth": 42.06178814845287,
      "earnings_growth": 47.960041788472545
    },
    {
      "date": "2025-04-29",
      "quarter": "Q2 2025",
      "revenue": 81845698.32977816,
      "earnings": 3509776.266698986,
      "eps_actual": 0.0007464568872851613,
      "eps_estimate": 0.0007129043198561977,
      "surprise_percent": 4.706461511655811,
      "price_on_date": 0.18513031385087234,
      "revenue_growth": 34.177022017823866,
      "earnings_growth": 30.464327690650137
    },
    {
      "date": "2025-01-29",
      "quarter": "Q1 2025",
      "revenue": 77753413.41328926,
      "earnings": 3334287.453364037,
      "eps_actual": 0.0007091340429209034,
      "eps_estimate": 0.000674031432972953,
      "surprise_percent": 5.207859490042354,
      "price_on_date": 0.1819418386193972,
      "revenue_growth": 44.01834400259814,
      "earnings_growth": 37.414000666109295
    },
    {
      "date": "2024-10-31",
      "quarter": "Q4 2024",
      "revenue": 73865742.74262479,
      "earnings": 3167573.0806958345,
      "eps_actual": 0.0006736773407748581,
      "eps_estimate": 0.0006549252885988308,
      "surprise_percent": 2.863235318969905,
      "price_on_date": 0.14579044556378687,
      "revenue_growth": 33.9389789035797,
      "earnings_growth": 50.42392651047897
    },
    {
      "date": "2024-08-02",
      "quarter": "Q3 2024",
      "revenue": 70172455.60549355,
      "earnings": 3009194.4266610425,
      "eps_actual": 0.0006399934737361152,
      "eps_estimate": 0.0006080701085181191,
      "surprise_percent": 5.2499481179553475,
      "price_on_date": 0.13839835927726704,
      "revenue_growth": 40.072749594388156,
      "earnings_growth": 48.430021180896645
    },
    {
      "date": "2024-05-04",
      "quarter": "Q2 2024",
      "revenue": 66663832.825218864,
      "earnings": 2858734.7053279905,
      "eps_actual": 0.0006079938000493094,
      "eps_estimate": 0.0006178123863003474,
      "surprise_percent": -1.5892504696830025,
      "price_on_date": 0.13253455258731306,
      "revenue_growth": 34.35490395874703,
      "earnings_growth": 46.210112758562445
    },
    {
      "date": "2024-02-04",
      "quarter": "Q1 2024",
      "revenue": 63330641.18395792,
      "earnings": 2715797.970061591,
      "eps_actual": 0.0005775941100468439,
      "eps_estimate": 0.0005817428575954304,
      "surprise_percent": -0.7131583128901555,
      "price_on_date": 0.13444170415386927,
      "revenue_growth": 42.288523585463466,
      "earnings_growth": 42.71465515910145
    },
    {
      "date": "2023-11-06",
      "quarter": "Q4 2023",
      "revenue": 60164109.12476002,
      "earnings": 2580008.071558511,
      "eps_actual": 0.0005487144045445016,
      "eps_estimate": 0.0005551868016326329,
      "surprise_percent": -1.1658052873551807,
      "price_on_date": 0.14099637890249525,
      "revenue_growth": 38.83841735667612,
      "earnings_growth": 32.67733527218988
    }
  ],
  "metrics": {
    "revenue_trend": [
      {
        "date": "2025-07-28",
        "value": 86153366.6629244
      },
      {
        "date": "2025-04-29",
        "value": 81845698.32977816
      },
      {
        "date": "2025-01-29",
        "value": 77753413.41328926
      },
      {
        "date": "2024-10-31",
        "value": 73865742.74262479
      },
      {
        "date": "2024-08-02",
        "value": 70172455.60549355
      },
      {
        "date": "2024-05-04",
        "value": 66663832.825218864
      },
      {
        "date": "2024-02-04",
        "value": 63330641.18395792
      },
      {
        "date": "2023-11-06",
        "value": 60164109.12476002
      }
    ],
    "eps_trend": [
      {
        "date": "2025-07-28",
        "value": 0.0007857440918791173
      },
      {
        "date": "2025-04-29",
        "value": 0.0007464568872851613
      },
      {
        "date": "2025-01-29",
        "value": 0.0007091340429209034
      },
      {
        "date": "2024-10-31",
        "value": 0.0006736773407748581
      },
      {
        "date": "2024-08-02",
        "value": 0.0006399934737361152
      },
      {
        "date": "2024-05-04",
        "value": 0.0006079938000493094
      },
      {
        "date": "2024-02-04",
        "value": 0.0005775941100468439
      },
      {
        "date": "2023-11-06",
        "value": 0.0005487144045445016
      }
    ],
    "earnings_dates": [
      "2025-07-28",
      "2025-04-29",
      "2025-01-29",
      "2024-10-31",
      "2024-08-02",
      "2024-05-04",
      "2024-02-04",
      "2023-11-06"
    ]
  },
  "analysis": {
    "avg_revenue_growth": 38.54903326811365,
    "avg_earnings_surprise": 2.936555540620038,
    "consistency_score": 84,
    "trend_direction": "growing"
  }
}