{
  "ticker": "LLY",
  "quarters": [
    {
      "date": "2025-07-28",
      "quarter": "Q3 2025",
      "revenue": 122373254068.21451,
      "earnings": 8304575535.157666,
      "eps_actual": 2.6683128652603414,
      "eps_estimate": 2.5614441931809897,
      "surprise_percent": 4.172203804551147,
      "price_on_date": 635.6220668554317,
      "revenue_growth": 6.462506756626212,
      "earnings_growth": 6.254542508161097
    },
    {
      "date": "2025-04-29",
      "quarter": "Q2 2025",
      "revenue": 116254591364.80377,
      "earnings": 7889346758.399782,
      "eps_actual": 2.534897221997324,
      "eps_estimate": 2.5691073510068625,
      "surprise_percent": -1.3315959333552614,
      "price_on_date": 713.0257262028236,
      "revenue_growth": 6.378227505410065,
      "earnings_growth": 6.408318103969848
    },
    {
      "date": "2025-01-29",
      "quarter": "Q1 2025",
      "revenue": 110441861796.56358,
      "earnings": 7494879420.479793,
      "eps_actual": 2.408152360897458,
      "eps_estimate": 2.371102209107338,
      "surprise_percent": 1.5625708435431935,
      "price_on_date": 689.9085719601327,
      "revenue_growth": 7.026518941342308,
      "earnings_growth": 7.249334145883442
    },
    {
      "date": "2024-10-31",
      "quarter": "Q4 2024",
      "revenue": 104919768706.7354,
      "earnings": 7120135449.455803,
      "eps_actual": 2.287744742852585,
      "eps_estimate": 2.2606028856679328,
      "surprise_percent": 1.2006468432261819,
      "price_on_date": 585.1448347503841,
      "revenue_growth": 6.5482445433009895,
      "earnings_growth": 7.587999603679792
    },
    {
      "date": "2024-08-02",
      "quarter": "Q3 2024",
      "revenue": 99673780271.39862,
      "earnings": 6764128676.983012,
      "eps_actual": 2.1733575057099555,
      "eps_estimate": 2.116488593642017,
      "surprise_percent": 2.6869463052517384,
      "price_on_date": 536.847465651721,
      "revenue_growth": 6.519988825827534,
      "earnings_growth": 8.708784757019675
    },
    {
      "date": "2024-05-04",
      "quarter": "Q2 2024",
      "revenue": 94690091257.82869,
      "earnings": 6425922243.133862,
      "eps_actual": 2.0646896304244575,
      "eps_estimate": 1.9919912779778457,
      "surprise_percent": 3.649531664637156,
      "price_on_date": 495.495210148779,
      "revenue_growth": 7.742562963511244,
      "earnings_growth": 7.397351761345026
    },
    {
      "date": "2024-02-04",
      "quarter": "Q1 2024",
      "revenue": 89955586694.93726,
      "earnings": 6104626130.977169,
      "eps_actual": 1.961455148903235,
      "eps_estimate": 1.904137049253665,
      "surprise_percent": 3.010187721101074,
      "price_on_date": 508.86332322923647,
      "revenue_growth": 7.222225504118925,
      "earnings_growth": 8.09783143851919
    },
    {
      "date": "2023-11-06",
      "quarter": "Q4 2023",
      "revenue": 85457807360.19038,
      "earnings": 5799394824.428309,
      "eps_actual": 1.863382391458073,
      "eps_estimate": 1.7769860364486236,
      "surprise_percent": 4.861960265153002,
      "price_on_date": 524.758422368422,
      "revenue_growth": 8.0362739795771,
      "earnings_growth": 6.184011734374821
    }
  ],
  "metrics": {
    "revenue_trend": [
      {
        "date": "2025-07-28",
        "value": 122373254068.21451
      },
      {
        "date": "2025-04-29",
        "value": 116254591364.80377
      },
      {
        "date": "2025-01-29",
        "value": 110441861796.56358
      },
      {
        "date": "2024-10-31",
        "value": 104919768706.7354
      },
      {
        "date": "2024-08-02",
        "value": 99673780271.39862
      },
      {
        "date": "2024-05-04",
        "value": 94690091257.82869
      },
      {
        "date": "2024-02-04",
        "value": 89955586694.93726
      },
      {
        "date": "2023-11-06",
        "value": 85457807360.19038
      }
    ],
    "eps_trend": [
      {
        "date": "2025-07-28",
        "value": 2.6683128652603414
      },
      {
        "date": "2025-04-29",
        "value": 2.534897221997324
      },
      {
        "date": "2025-01-29",
        "value": 2.408152360897458
      },
      {
        "date": "2024-10-31",
        "value": 2.287744742852585
      },
      {
        "date": "2024-08-02",
        "value": 2.1733575057099555
      },
      {
        "date": "2024-05-04",
        "value": 2.0646896304244575
      },
      {
        "date": "2024-02-04",
        "value": 1.961455148903235
      },
      {
        "date": "2023-11-06",
        "value": 1.863382391458073
      }
    ],
    "earnings_dates": [
      "2025-07-28",
      "2025-04-29",
      "2025-01-29",
      "2024-10-31",
      "2024-08-02",
      "2024-05-04",
      "2024-02-04",
      "2023-11-06"
    ]
  },
  "analysis": {
    "avg_revenue_growth": 6.603874436669893,
    "avg_earnings_surprise": 1.4009563894913153,
    "consistency_score": 64,
    "trend_direction": "growing"
  }
}