{
  "ticker": "LMT",
  "quarters": [
    {
      "date": "2025-07-28",
      "quarter": "Q3 2025",
      "revenue": 826192036.8104745,
      "earnings": 11683924.830845242,
      "eps_actual": 0.0024204542005249524,
      "eps_estimate": 0.002315970179906736,
      "surprise_percent": 4.511457942106322,
      "price_on_date": 5.30274972368436,
      "revenue_growth": 49.06219114377223,
      "earnings_growth": 37.18594282991164
    },
    {
      "date": "2025-04-29",
      "quarter": "Q2 2025",
      "revenue": 784882434.9699508,
      "earnings": 11099728.58930298,
      "eps_actual": 0.002299431490498705,
      "eps_estimate": 0.0021862751779595205,
      "surprise_percent": 5.175758005211155,
      "price_on_date": 5.177405857348973,
      "revenue_growth": 37.13024435554701,
      "earnings_growth": 46.14706236835599
    },
    {
      "date": "2025-01-29",
      "quarter": "Q1 2025",
      "revenue": 745638313.2214532,
      "earnings": 10544742.15983783,
      "eps_actual": 0.0021844599159737696,
      "eps_estimate": 0.002160617765844941,
      "surprise_percent": 1.1034876462521759,
      "price_on_date": 4.314499483456178,
      "revenue_growth": 43.58967146625302,
      "earnings_growth": 52.97313814771968
    },
    {
      "date": "2024-10-31",
      "quarter": "Q4 2024",
      "revenue": 708356397.5603805,
      "earnings": 10017505.051845938,
      "eps_actual": 0.002075236920175081,
      "eps_estimate": 0.0020096670035896877,
      "surprise_percent": 3.2627254399993415,
      "price_on_date": 4.070226744447257,
      "revenue_growth": 35.9721816144384,
      "earnings_growth": 55.16741262644877
    },
    {
      "date": "2024-08-02",
      "quarter": "Q3 2024",
      "revenue": 672938577.6823615,
      "earnings": 9516629.79925364,
      "eps_actual": 0.0019714750741663266,
      "eps_estimate": 0.0019537551754504738,
      "surprise_percent": 0.9069661817667203,
      "price_on_date": 3.949811493778931,
      "revenue_growth": 51.167534717493346,
      "earnings_growth": 32.43811522431105
    },
    {
      "date": "2024-05-04",
      "quarter": "Q2 2024",
      "revenue": 639291648.7982433,
      "earnings": 9040798.309290957,
      "eps_actual": 0.00187290132045801,
      "eps_estimate": 0.0018417123639178179,
      "surprise_percent": 1.6934759819847611,
      "price_on_date": 3.630547047259695,
      "revenue_growth": 42.333020873308605,
      "earnings_growth": 49.66785899147533
    },
    {
      "date": "2024-02-04",
      "quarter": "Q1 2024",
      "revenue": 607327066.3583311,
      "earnings": 8588758.393826408,
      "eps_actual": 0.0017792562544351094,
      "eps_estimate": 0.0017282691809830557,
      "surprise_percent": 2.950181257242099,
      "price_on_date": 3.3432655991881726,
      "revenue_growth": 46.19925012746825,
      "earnings_growth": 38.89814535833134
    },
    {
      "date": "2023-11-06",
      "quarter": "Q4 2023",
      "revenue": 576960713.0404146,
      "earnings": 8159320.47413509,
      "eps_actual": 0.0016902934417133543,
      "eps_estimate": 0.0016672872721677557,
      "surprise_percent": 1.3798563648654667,
      "price_on_date": 3.7054295766570178,
      "revenue_growth": 43.90142266823206,
      "earnings_growth": 35.04048788879988
    }
  ],
  "metrics": {
    "revenue_trend": [
      {
        "date": "2025-07-28",
        "value": 826192036.8104745
      },
      {
        "date": "2025-04-29",
        "value": 784882434.9699508
      },
      {
        "date": "2025-01-29",
        "value": 745638313.2214532
      },
      {
        "date": "2024-10-31",
        "value": 708356397.5603805
      },
      {
        "date": "2024-08-02",
        "value": 672938577.6823615
      },
      {
        "date": "2024-05-04",
        "value": 639291648.7982433
      },
      {
        "date": "2024-02-04",
        "value": 607327066.3583311
      },
      {
        "date": "2023-11-06",
        "value": 576960713.0404146
      }
    ],
    "eps_trend": [
      {
        "date": "2025-07-28",
        "value": 0.0024204542005249524
      },
      {
        "date": "2025-04-29",
        "value": 0.002299431490498705
      },
      {
        "date": "2025-01-29",
        "value": 0.0021844599159737696
      },
      {
        "date": "2024-10-31",
        "value": 0.002075236920175081
      },
      {
        "date": "2024-08-02",
        "value": 0.0019714750741663266
      },
      {
        "date": "2024-05-04",
        "value": 0.00187290132045801
      },
      {
        "date": "2024-02-04",
        "value": 0.0017792562544351094
      },
      {
        "date": "2023-11-06",
        "value": 0.0016902934417133543
      }
    ],
    "earnings_dates": [
      "2025-07-28",
      "2025-04-29",
      "2025-01-29",
      "2024-10-31",
      "2024-08-02",
      "2024-05-04",
      "2024-02-04",
      "2023-11-06"
    ]
  },
  "analysis": {
    "avg_revenue_growth": 41.43857214500267,
    "avg_earnings_surprise": 3.5133572583922485,
    "consistency_score": 60,
    "trend_direction": "growing"
  }
}