{
  "ticker": "LNT",
  "quarters": [
    {
      "date": "2025-07-28",
      "quarter": "Q3 2025",
      "revenue": 68871864.44247948,
      "earnings": 16187792.365930583,
      "eps_actual": 0.006334922943344638,
      "eps_estimate": 0.00627953249816788,
      "surprise_percent": 0.8820791228155732,
      "price_on_date": 0.29462958956092616,
      "revenue_growth": 21.702109715214775,
      "earnings_growth": 28.18825731770001
    },
    {
      "date": "2025-04-29",
      "quarter": "Q2 2025",
      "revenue": 65428271.220355496,
      "earnings": 15378402.747634053,
      "eps_actual": 0.006018176796177406,
      "eps_estimate": 0.005747556238265375,
      "surprise_percent": 4.708445584409014,
      "price_on_date": 0.2401634340276841,
      "revenue_growth": 19.6000370808143,
      "earnings_growth": 20.502622703935362
    },
    {
      "date": "2025-01-29",
      "quarter": "Q1 2025",
      "revenue": 62156857.65933772,
      "earnings": 14609482.61025235,
      "eps_actual": 0.005717267956368536,
      "eps_estimate": 0.005707228797012143,
      "surprise_percent": 0.17590252140669618,
      "price_on_date": 0.25236162825644415,
      "revenue_growth": 18.893999231367896,
      "earnings_growth": 21.025585109975815
    },
    {
      "date": "2024-10-31",
      "quarter": "Q4 2024",
      "revenue": 59049014.77637083,
      "earnings": 13879008.479739731,
      "eps_actual": 0.005431404558550109,
      "eps_estimate": 0.005434841919997677,
      "surprise_percent": -0.06324676040567813,
      "price_on_date": 0.21971879633170954,
      "revenue_growth": 19.119314041057297,
      "earnings_growth": 18.206623135748288
    },
    {
      "date": "2024-08-02",
      "quarter": "Q3 2024",
      "revenue": 56096564.03755229,
      "earnings": 13185058.055752745,
      "eps_actual": 0.005159834330622603,
      "eps_estimate": 0.0049944618289648095,
      "surprise_percent": 3.311117540206934,
      "price_on_date": 0.21629033182720817,
      "revenue_growth": 20.077397600609636,
      "earnings_growth": 26.288186779837417
    },
    {
      "date": "2024-05-04",
      "quarter": "Q2 2024",
      "revenue": 53291735.835674666,
      "earnings": 12525805.152965106,
      "eps_actual": 0.004901842614091472,
      "eps_estimate": 0.004778916052308677,
      "surprise_percent": 2.572268699371901,
      "price_on_date": 0.20003090528875317,
      "revenue_growth": 26.734194678308562,
      "earnings_growth": 16.898539863918277
    },
    {
      "date": "2024-02-04",
      "quarter": "Q1 2024",
      "revenue": 50627149.04389094,
      "earnings": 11899514.895316852,
      "eps_actual": 0.004656750483386899,
      "eps_estimate": 0.004541973245790832,
      "surprise_percent": 2.52703464738448,
      "price_on_date": 0.19075828290761795,
      "revenue_growth": 24.07629438402904,
      "earnings_growth": 22.579116475257507
    },
    {
      "date": "2023-11-06",
      "quarter": "Q4 2023",
      "revenue": 48095791.59169638,
      "earnings": 11304539.150551006,
      "eps_actual": 0.004423912959217553,
      "eps_estimate": 0.004457197592589706,
      "surprise_percent": -0.7467614500081913,
      "price_on_date": 0.20105951656454396,
      "revenue_growth": 22.995951611784726,
      "earnings_growth": 20.34342153954446
    }
  ],
  "metrics": {
    "revenue_trend": [
      {
        "date": "2025-07-28",
        "value": 68871864.44247948
      },
      {
        "date": "2025-04-29",
        "value": 65428271.220355496
      },
      {
        "date": "2025-01-29",
        "value": 62156857.65933772
      },
      {
        "date": "2024-10-31",
        "value": 59049014.77637083
      },
      {
        "date": "2024-08-02",
        "value": 56096564.03755229
      },
      {
        "date": "2024-05-04",
        "value": 53291735.835674666
      },
      {
        "date": "2024-02-04",
        "value": 50627149.04389094
      },
      {
        "date": "2023-11-06",
        "value": 48095791.59169638
      }
    ],
    "eps_trend": [
      {
        "date": "2025-07-28",
        "value": 0.006334922943344638
      },
      {
        "date": "2025-04-29",
        "value": 0.006018176796177406
      },
      {
        "date": "2025-01-29",
        "value": 0.005717267956368536
      },
      {
        "date": "2024-10-31",
        "value": 0.005431404558550109
      },
      {
        "date": "2024-08-02",
        "value": 0.005159834330622603
      },
      {
        "date": "2024-05-04",
        "value": 0.004901842614091472
      },
      {
        "date": "2024-02-04",
        "value": 0.004656750483386899
      },
      {
        "date": "2023-11-06",
        "value": 0.004423912959217553
      }
    ],
    "earnings_dates": [
      "2025-07-28",
      "2025-04-29",
      "2025-01-29",
      "2024-10-31",
      "2024-08-02",
      "2024-05-04",
      "2024-02-04",
      "2023-11-06"
    ]
  },
  "analysis": {
    "avg_revenue_growth": 19.828865017113568,
    "avg_earnings_surprise": 1.4257951170564012,
    "consistency_score": 95,
    "trend_direction": "growing"
  }
}