{
  "ticker": "LOW",
  "quarters": [
    {
      "date": "2025-07-28",
      "quarter": "Q3 2025",
      "revenue": 1580351806.9090772,
      "earnings": 84857698.55062659,
      "eps_actual": 0.3178346739605847,
      "eps_estimate": 0.3084270476794278,
      "surprise_percent": 3.0501949656941094,
      "price_on_date": 256.6957117335471,
      "revenue_growth": -13.043891385776417,
      "earnings_growth": -16.643663100278932
    },
    {
      "date": "2025-04-29",
      "quarter": "Q2 2025",
      "revenue": 1501334216.5636232,
      "earnings": 80614813.62309526,
      "eps_actual": 0.30194294026255547,
      "eps_estimate": 0.30069440754888127,
      "surprise_percent": 0.41521647304705417,
      "price_on_date": 232.9543251524046,
      "revenue_growth": -13.617448352993922,
      "earnings_growth": -15.930314246136206
    },
    {
      "date": "2025-01-29",
      "quarter": "Q1 2025",
      "revenue": 1426267505.7354422,
      "earnings": 76584072.9419405,
      "eps_actual": 0.2868457932494277,
      "eps_estimate": 0.28029742686712494,
      "surprise_percent": 2.33622065514252,
      "price_on_date": 201.06601847072548,
      "revenue_growth": -12.271474471177788,
      "earnings_growth": -12.390513130280278
    },
    {
      "date": "2024-10-31",
      "quarter": "Q4 2024",
      "revenue": 1354954130.44867,
      "earnings": 72754869.29484347,
      "eps_actual": 0.2725035035869563,
      "eps_estimate": 0.264561050250006,
      "surprise_percent": 3.0021249648974497,
      "price_on_date": 211.0882214647273,
      "revenue_growth": -13.542809588488,
      "earnings_growth": -13.633461288822843
    },
    {
      "date": "2024-08-02",
      "quarter": "Q3 2024",
      "revenue": 1287206423.9262364,
      "earnings": 69117125.8301013,
      "eps_actual": 0.2588783284076085,
      "eps_estimate": 0.25362227443677515,
      "surprise_percent": 2.0723944623971144,
      "price_on_date": 197.18593847511875,
      "revenue_growth": -10.620948449978473,
      "earnings_growth": -16.394334562916512
    },
    {
      "date": "2024-05-04",
      "quarter": "Q2 2024",
      "revenue": 1222846102.7299244,
      "earnings": 65661269.53859623,
      "eps_actual": 0.24593441198722804,
      "eps_estimate": 0.23933600882591305,
      "surprise_percent": 2.7569621444278796,
      "price_on_date": 177.64148377065024,
      "revenue_growth": -14.350760254009646,
      "earnings_growth": -13.720565882445031
    },
    {
      "date": "2024-02-04",
      "quarter": "Q1 2024",
      "revenue": 1161703797.5934281,
      "earnings": 62378206.06166641,
      "eps_actual": 0.2336376913878666,
      "eps_estimate": 0.2235529657041881,
      "surprise_percent": 4.511112456912303,
      "price_on_date": 179.942406915272,
      "revenue_growth": -14.166669548119309,
      "earnings_growth": -15.655112921024099
    },
    {
      "date": "2023-11-06",
      "quarter": "Q4 2023",
      "revenue": 1103618607.7137566,
      "earnings": 59259295.758583084,
      "eps_actual": 0.22195580681847327,
      "eps_estimate": 0.22466420479729696,
      "surprise_percent": -1.2055315982656603,
      "price_on_date": 157.17167856946563,
      "revenue_growth": -14.066718979207966,
      "earnings_growth": -9.952471471466549
    }
  ],
  "metrics": {
    "revenue_trend": [
      {
        "date": "2025-07-28",
        "value": 1580351806.9090772
      },
      {
        "date": "2025-04-29",
        "value": 1501334216.5636232
      },
      {
        "date": "2025-01-29",
        "value": 1426267505.7354422
      },
      {
        "date": "2024-10-31",
        "value": 1354954130.44867
      },
      {
        "date": "2024-08-02",
        "value": 1287206423.9262364
      },
      {
        "date": "2024-05-04",
        "value": 1222846102.7299244
      },
      {
        "date": "2024-02-04",
        "value": 1161703797.5934281
      },
      {
        "date": "2023-11-06",
        "value": 1103618607.7137566
      }
    ],
    "eps_trend": [
      {
        "date": "2025-07-28",
        "value": 0.3178346739605847
      },
      {
        "date": "2025-04-29",
        "value": 0.30194294026255547
      },
      {
        "date": "2025-01-29",
        "value": 0.2868457932494277
      },
      {
        "date": "2024-10-31",
        "value": 0.2725035035869563
      },
      {
        "date": "2024-08-02",
        "value": 0.2588783284076085
      },
      {
        "date": "2024-05-04",
        "value": 0.24593441198722804
      },
      {
        "date": "2024-02-04",
        "value": 0.2336376913878666
      },
      {
        "date": "2023-11-06",
        "value": 0.22195580681847327
      }
    ],
    "earnings_dates": [
      "2025-07-28",
      "2025-04-29",
      "2025-01-29",
      "2024-10-31",
      "2024-08-02",
      "2024-05-04",
      "2024-02-04",
      "2023-11-06"
    ]
  },
  "analysis": {
    "avg_revenue_growth": -13.118905949609031,
    "avg_earnings_surprise": 2.2009392646952834,
    "consistency_score": 72,
    "trend_direction": "declining"
  }
}