{
  "ticker": "LRCX",
  "quarters": [
    {
      "date": "2025-07-28",
      "quarter": "Q3 2025",
      "revenue": 118658517.83693379,
      "earnings": 15829463.177764662,
      "eps_actual": 0.1898788693822936,
      "eps_estimate": 0.18114207939181906,
      "surprise_percent": 4.823169757026158,
      "price_on_date": 11.134181218405159,
      "revenue_growth": 19.25371048513472,
      "earnings_growth": 16.91265601629169
    },
    {
      "date": "2025-04-29",
      "quarter": "Q2 2025",
      "revenue": 112725591.94508709,
      "earnings": 15037990.018876428,
      "eps_actual": 0.1803849259131789,
      "eps_estimate": 0.17203129949496218,
      "surprise_percent": 4.855875903245935,
      "price_on_date": 10.699567443180557,
      "revenue_growth": 26.342407327932737,
      "earnings_growth": 28.445304613334883
    },
    {
      "date": "2025-01-29",
      "quarter": "Q1 2025",
      "revenue": 107089312.34783274,
      "earnings": 14286090.517932607,
      "eps_actual": 0.17136567961751997,
      "eps_estimate": 0.1683762087504979,
      "surprise_percent": 1.7754710651858758,
      "price_on_date": 10.623126397725045,
      "revenue_growth": 19.302943182375188,
      "earnings_growth": 29.021464488098392
    },
    {
      "date": "2024-10-31",
      "quarter": "Q4 2024",
      "revenue": 101734846.7304411,
      "earnings": 13571785.992035976,
      "eps_actual": 0.16279739563664394,
      "eps_estimate": 0.1616046428054132,
      "surprise_percent": 0.7380684184098139,
      "price_on_date": 10.274165946347459,
      "revenue_growth": 25.622969008214227,
      "earnings_growth": 17.923803093314703
    },
    {
      "date": "2024-08-02",
      "quarter": "Q3 2024",
      "revenue": 96648104.39391904,
      "earnings": 12893196.692434175,
      "eps_actual": 0.15465752585481174,
      "eps_estimate": 0.14752613233479628,
      "surprise_percent": 4.833986634877307,
      "price_on_date": 8.358074778089374,
      "revenue_growth": 24.607842337364673,
      "earnings_growth": 23.428399304220566
    },
    {
      "date": "2024-05-04",
      "quarter": "Q2 2024",
      "revenue": 91815699.17422308,
      "earnings": 12248536.857812466,
      "eps_actual": 0.14692464956207113,
      "eps_estimate": 0.1399034605728693,
      "surprise_percent": 5.018595651924442,
      "price_on_date": 7.963766467261024,
      "revenue_growth": 28.191478063813427,
      "earnings_growth": 20.554335022262553
    },
    {
      "date": "2024-02-04",
      "quarter": "Q1 2024",
      "revenue": 87224914.21551192,
      "earnings": 11636110.014921842,
      "eps_actual": 0.13957841708396757,
      "eps_estimate": 0.13780622819197813,
      "surprise_percent": 1.2860005786680373,
      "price_on_date": 7.574954420380284,
      "revenue_growth": 26.92998168338777,
      "earnings_growth": 30.41489524390512
    },
    {
      "date": "2023-11-06",
      "quarter": "Q4 2023",
      "revenue": 82863668.50473632,
      "earnings": 11054304.51417575,
      "eps_actual": 0.13259949622976921,
      "eps_estimate": 0.13370012170133208,
      "surprise_percent": -0.8232045397995328,
      "price_on_date": 8.039704384382294,
      "revenue_growth": 19.649899412757666,
      "earnings_growth": 24.752336786068856
    }
  ],
  "metrics": {
    "revenue_trend": [
      {
        "date": "2025-07-28",
        "value": 118658517.83693379
      },
      {
        "date": "2025-04-29",
        "value": 112725591.94508709
      },
      {
        "date": "2025-01-29",
        "value": 107089312.34783274
      },
      {
        "date": "2024-10-31",
        "value": 101734846.7304411
      },
      {
        "date": "2024-08-02",
        "value": 96648104.39391904
      },
      {
        "date": "2024-05-04",
        "value": 91815699.17422308
      },
      {
        "date": "2024-02-04",
        "value": 87224914.21551192
      },
      {
        "date": "2023-11-06",
        "value": 82863668.50473632
      }
    ],
    "eps_trend": [
      {
        "date": "2025-07-28",
        "value": 0.1898788693822936
      },
      {
        "date": "2025-04-29",
        "value": 0.1803849259131789
      },
      {
        "date": "2025-01-29",
        "value": 0.17136567961751997
      },
      {
        "date": "2024-10-31",
        "value": 0.16279739563664394
      },
      {
        "date": "2024-08-02",
        "value": 0.15465752585481174
      },
      {
        "date": "2024-05-04",
        "value": 0.14692464956207113
      },
      {
        "date": "2024-02-04",
        "value": 0.13957841708396757
      },
      {
        "date": "2023-11-06",
        "value": 0.13259949622976921
      }
    ],
    "earnings_dates": [
      "2025-07-28",
      "2025-04-29",
      "2025-01-29",
      "2024-10-31",
      "2024-08-02",
      "2024-05-04",
      "2024-02-04",
      "2023-11-06"
    ]
  },
  "analysis": {
    "avg_revenue_growth": 22.63050750091422,
    "avg_earnings_surprise": 3.0481462859669457,
    "consistency_score": 79,
    "trend_direction": "growing"
  }
}