{
  "ticker": "LULU",
  "quarters": [
    {
      "date": "2025-07-28",
      "quarter": "Q3 2025",
      "revenue": 33773002.52168621,
      "earnings": 3795479.3500186643,
      "eps_actual": 0.006016554977406241,
      "eps_estimate": 0.0058140874801260135,
      "surprise_percent": 3.4823606967097027,
      "price_on_date": 0.9147813185675285,
      "revenue_growth": 6.768453889825482,
      "earnings_growth": 8.098171100342102
    },
    {
      "date": "2025-04-29",
      "quarter": "Q2 2025",
      "revenue": 32084352.3956019,
      "earnings": 3605705.382517731,
      "eps_actual": 0.005715727228535928,
      "eps_estimate": 0.005767703974071827,
      "surprise_percent": -0.9011687453023887,
      "price_on_date": 0.8157902476418092,
      "revenue_growth": 9.004324524441772,
      "earnings_growth": 7.325507639044922
    },
    {
      "date": "2025-01-29",
      "quarter": "Q1 2025",
      "revenue": 30480134.775821805,
      "earnings": 3425420.113391844,
      "eps_actual": 0.005429940867109132,
      "eps_estimate": 0.005310873092278235,
      "surprise_percent": 2.2419623433294995,
      "price_on_date": 0.7560829209445925,
      "revenue_growth": 8.82796506224567,
      "earnings_growth": 10.605334763475737
    },
    {
      "date": "2024-10-31",
      "quarter": "Q4 2024",
      "revenue": 28956128.03703071,
      "earnings": 3254149.1077222517,
      "eps_actual": 0.005158443823753675,
      "eps_estimate": 0.005171599640370011,
      "surprise_percent": -0.2543858289733129,
      "price_on_date": 0.6977238370332801,
      "revenue_growth": 7.939933362516847,
      "earnings_growth": 9.980947050142639
    },
    {
      "date": "2024-08-02",
      "quarter": "Q3 2024",
      "revenue": 27508321.635179177,
      "earnings": 3091441.652336139,
      "eps_actual": 0.0049005216325659915,
      "eps_estimate": 0.004940664564710302,
      "surprise_percent": -0.8125006589404897,
      "price_on_date": 0.7965920720280995,
      "revenue_growth": 7.990905009747189,
      "earnings_growth": 9.278127753471244
    },
    {
      "date": "2024-05-04",
      "quarter": "Q2 2024",
      "revenue": 26132905.553420212,
      "earnings": 2936869.569719332,
      "eps_actual": 0.004655495550937691,
      "eps_estimate": 0.004495364941849905,
      "surprise_percent": 3.562127016586332,
      "price_on_date": 0.7389426129084796,
      "revenue_growth": 9.041658812392772,
      "earnings_growth": 9.413752271035547
    },
    {
      "date": "2024-02-04",
      "quarter": "Q1 2024",
      "revenue": 24826260.275749203,
      "earnings": 2790026.0912333652,
      "eps_actual": 0.004422720773390807,
      "eps_estimate": 0.004442620339842918,
      "surprise_percent": -0.44792408375852405,
      "price_on_date": 0.6758981105438038,
      "revenue_growth": 9.203865656508682,
      "earnings_growth": 8.06438626201116
    },
    {
      "date": "2023-11-06",
      "quarter": "Q4 2023",
      "revenue": 23584947.26196174,
      "earnings": 2650524.7866716967,
      "eps_actual": 0.004201584734721266,
      "eps_estimate": 0.00413346148756987,
      "surprise_percent": 1.6480919770573972,
      "price_on_date": 0.6161188022070282,
      "revenue_growth": 9.357290057711946,
      "earnings_growth": 10.884942879706832
    }
  ],
  "metrics": {
    "revenue_trend": [
      {
        "date": "2025-07-28",
        "value": 33773002.52168621
      },
      {
        "date": "2025-04-29",
        "value": 32084352.3956019
      },
      {
        "date": "2025-01-29",
        "value": 30480134.775821805
      },
      {
        "date": "2024-10-31",
        "value": 28956128.03703071
      },
      {
        "date": "2024-08-02",
        "value": 27508321.635179177
      },
      {
        "date": "2024-05-04",
        "value": 26132905.553420212
      },
      {
        "date": "2024-02-04",
        "value": 24826260.275749203
      },
      {
        "date": "2023-11-06",
        "value": 23584947.26196174
      }
    ],
    "eps_trend": [
      {
        "date": "2025-07-28",
        "value": 0.006016554977406241
      },
      {
        "date": "2025-04-29",
        "value": 0.005715727228535928
      },
      {
        "date": "2025-01-29",
        "value": 0.005429940867109132
      },
      {
        "date": "2024-10-31",
        "value": 0.005158443823753675
      },
      {
        "date": "2024-08-02",
        "value": 0.0049005216325659915
      },
      {
        "date": "2024-05-04",
        "value": 0.004655495550937691
      },
      {
        "date": "2024-02-04",
        "value": 0.004422720773390807
      },
      {
        "date": "2023-11-06",
        "value": 0.004201584734721266
      }
    ],
    "earnings_dates": [
      "2025-07-28",
      "2025-04-29",
      "2025-01-29",
      "2024-10-31",
      "2024-08-02",
      "2024-05-04",
      "2024-02-04",
      "2023-11-06"
    ]
  },
  "analysis": {
    "avg_revenue_growth": 8.135169209757443,
    "avg_earnings_surprise": 1.142192116440875,
    "consistency_score": 87,
    "trend_direction": "growing"
  }
}