{
  "ticker": "LUV",
  "quarters": [
    {
      "date": "2025-07-28",
      "quarter": "Q3 2025",
      "revenue": 32764390.6915778,
      "earnings": 2323328.5988219017,
      "eps_actual": 0.0007694152872663011,
      "eps_estimate": 0.0007787222946499703,
      "surprise_percent": -1.1951638533544982,
      "price_on_date": 0.4388927724026845,
      "revenue_growth": 41.002460250276165,
      "earnings_growth": 39.90046717021313
    },
    {
      "date": "2025-04-29",
      "quarter": "Q2 2025",
      "revenue": 31126171.15699891,
      "earnings": 2207162.168880807,
      "eps_actual": 0.0007309445229029861,
      "eps_estimate": 0.0007058709751258051,
      "surprise_percent": 3.552143190575611,
      "price_on_date": 0.3739280981351743,
      "revenue_growth": 42.05865203937711,
      "earnings_growth": 55.08316024027754
    },
    {
      "date": "2025-01-29",
      "quarter": "Q1 2025",
      "revenue": 29569862.599148963,
      "earnings": 2096804.0604367661,
      "eps_actual": 0.0006943972967578366,
      "eps_estimate": 0.0007036386650743382,
      "surprise_percent": -1.3133684624231394,
      "price_on_date": 0.39064688552211657,
      "revenue_growth": 57.723115786467844,
      "earnings_growth": 59.78165028570057
    },
    {
      "date": "2024-10-31",
      "quarter": "Q4 2024",
      "revenue": 28091369.469191514,
      "earnings": 1991963.8574149278,
      "eps_actual": 0.0006596774319199448,
      "eps_estimate": 0.0006274512416328537,
      "surprise_percent": 5.136046938599876,
      "price_on_date": 0.376099250157329,
      "revenue_growth": 57.33035781018612,
      "earnings_growth": 56.36698614403693
    },
    {
      "date": "2024-08-02",
      "quarter": "Q3 2024",
      "revenue": 26686800.995731935,
      "earnings": 1892365.6645441812,
      "eps_actual": 0.0006266935603239475,
      "eps_estimate": 0.0006236650285998664,
      "surprise_percent": 0.4856023001450248,
      "price_on_date": 0.34913190621379003,
      "revenue_growth": 49.00459736490734,
      "earnings_growth": 59.34429775044048
    },
    {
      "date": "2024-05-04",
      "quarter": "Q2 2024",
      "revenue": 25352460.945945334,
      "earnings": 1797747.3813169717,
      "eps_actual": 0.00059535888230775,
      "eps_estimate": 0.0005856583909589675,
      "surprise_percent": 1.6563395143880246,
      "price_on_date": 0.33330388975733005,
      "revenue_growth": 53.8414387644622,
      "earnings_growth": 39.130254411172075
    },
    {
      "date": "2024-02-04",
      "quarter": "Q1 2024",
      "revenue": 24084837.89864807,
      "earnings": 1707860.0122511233,
      "eps_actual": 0.0005655909381923626,
      "eps_estimate": 0.0005491002151943204,
      "surprise_percent": 3.003226467905549,
      "price_on_date": 0.3166566603643292,
      "revenue_growth": 40.369525270738045,
      "earnings_growth": 50.42437445333336
    },
    {
      "date": "2023-11-06",
      "quarter": "Q4 2023",
      "revenue": 22880596.003715664,
      "earnings": 1622467.011638567,
      "eps_actual": 0.0005373113912827444,
      "eps_estimate": 0.0005126976623187154,
      "surprise_percent": 4.800827226851694,
      "price_on_date": 0.2659817366195159,
      "revenue_growth": 41.184048368967495,
      "earnings_growth": 36.30842247648529
    }
  ],
  "metrics": {
    "revenue_trend": [
      {
        "date": "2025-07-28",
        "value": 32764390.6915778
      },
      {
        "date": "2025-04-29",
        "value": 31126171.15699891
      },
      {
        "date": "2025-01-29",
        "value": 29569862.599148963
      },
      {
        "date": "2024-10-31",
        "value": 28091369.469191514
      },
      {
        "date": "2024-08-02",
        "value": 26686800.995731935
      },
      {
        "date": "2024-05-04",
        "value": 25352460.945945334
      },
      {
        "date": "2024-02-04",
        "value": 24084837.89864807
      },
      {
        "date": "2023-11-06",
        "value": 22880596.003715664
      }
    ],
    "eps_trend": [
      {
        "date": "2025-07-28",
        "value": 0.0007694152872663011
      },
      {
        "date": "2025-04-29",
        "value": 0.0007309445229029861
      },
      {
        "date": "2025-01-29",
        "value": 0.0006943972967578366
      },
      {
        "date": "2024-10-31",
        "value": 0.0006596774319199448
      },
      {
        "date": "2024-08-02",
        "value": 0.0006266935603239475
      },
      {
        "date": "2024-05-04",
        "value": 0.00059535888230775
      },
      {
        "date": "2024-02-04",
        "value": 0.0005655909381923626
      },
      {
        "date": "2023-11-06",
        "value": 0.0005373113912827444
      }
    ],
    "earnings_dates": [
      "2025-07-28",
      "2025-04-29",
      "2025-01-29",
      "2024-10-31",
      "2024-08-02",
      "2024-05-04",
      "2024-02-04",
      "2023-11-06"
    ]
  },
  "analysis": {
    "avg_revenue_growth": 49.528646471576806,
    "avg_earnings_surprise": 1.5449144533494623,
    "consistency_score": 90,
    "trend_direction": "growing"
  }
}