{
  "ticker": "LVS",
  "quarters": [
    {
      "date": "2025-07-28",
      "quarter": "Q3 2025",
      "revenue": 38439081.13479947,
      "earnings": 1526488.8751007104,
      "eps_actual": 0.0003066370104861749,
      "eps_estimate": 0.0003046643429135725,
      "surprise_percent": 0.647488824500211,
      "price_on_date": 0.16939255603943024,
      "revenue_growth": 54.01968129844616,
      "earnings_growth": 59.988175382108864
    },
    {
      "date": "2025-04-29",
      "quarter": "Q2 2025",
      "revenue": 36517127.078059494,
      "earnings": 1450164.4313456747,
      "eps_actual": 0.0002913051599618661,
      "eps_estimate": 0.00028203180921869793,
      "surprise_percent": 3.2880513616027054,
      "price_on_date": 0.15733181666951307,
      "revenue_growth": 42.305575288483396,
      "earnings_growth": 38.18573931767697
    },
    {
      "date": "2025-01-29",
      "quarter": "Q1 2025",
      "revenue": 34691270.72415652,
      "earnings": 1377656.209778391,
      "eps_actual": 0.0002767399019637728,
      "eps_estimate": 0.000276446386765878,
      "surprise_percent": 0.10617436578881591,
      "price_on_date": 0.1676208137241308,
      "revenue_growth": 49.94622936939259,
      "earnings_growth": 61.22618938813375
    },
    {
      "date": "2024-10-31",
      "quarter": "Q4 2024",
      "revenue": 32956707.187948693,
      "earnings": 1308773.3992894713,
      "eps_actual": 0.0002629029068655841,
      "eps_estimate": 0.0002594321722157606,
      "surprise_percent": 1.3378196775598863,
      "price_on_date": 0.15343309353486967,
      "revenue_growth": 52.623264465774774,
      "earnings_growth": 61.955165003064415
    },
    {
      "date": "2024-08-02",
      "quarter": "Q3 2024",
      "revenue": 31308871.82855126,
      "earnings": 1243334.7293249979,
      "eps_actual": 0.00024975776152230493,
      "eps_estimate": 0.00025381517369805194,
      "surprise_percent": -1.5985695877165533,
      "price_on_date": 0.16029554810171914,
      "revenue_growth": 55.61190999685818,
      "earnings_growth": 44.62301556694901
    },
    {
      "date": "2024-05-04",
      "quarter": "Q2 2024",
      "revenue": 29743428.23712369,
      "earnings": 1181167.9928587477,
      "eps_actual": 0.00023726987344618964,
      "eps_estimate": 0.0002300005643069828,
      "surprise_percent": 3.160561436494765,
      "price_on_date": 0.1338943945658161,
      "revenue_growth": 53.1686895265485,
      "earnings_growth": 40.01380597608019
    },
    {
      "date": "2024-02-04",
      "quarter": "Q1 2024",
      "revenue": 28256256.82526751,
      "earnings": 1122109.5932158104,
      "eps_actual": 0.00022540637977388017,
      "eps_estimate": 0.0002270877258747742,
      "surprise_percent": -0.7403949704534845,
      "price_on_date": 0.13288205762735203,
      "revenue_growth": 53.3731774335473,
      "earnings_growth": 52.88917584331328
    },
    {
      "date": "2023-11-06",
      "quarter": "Q4 2023",
      "revenue": 26843443.98400413,
      "earnings": 1066004.1135550197,
      "eps_actual": 0.00021413606078518613,
      "eps_estimate": 0.00021599512717623126,
      "surprise_percent": -0.8606983015539598,
      "price_on_date": 0.12640984212696738,
      "revenue_growth": 48.723068283512056,
      "earnings_growth": 36.28041448005011
    }
  ],
  "metrics": {
    "revenue_trend": [
      {
        "date": "2025-07-28",
        "value": 38439081.13479947
      },
      {
        "date": "2025-04-29",
        "value": 36517127.078059494
      },
      {
        "date": "2025-01-29",
        "value": 34691270.72415652
      },
      {
        "date": "2024-10-31",
        "value": 32956707.187948693
      },
      {
        "date": "2024-08-02",
        "value": 31308871.82855126
      },
      {
        "date": "2024-05-04",
        "value": 29743428.23712369
      },
      {
        "date": "2024-02-04",
        "value": 28256256.82526751
      },
      {
        "date": "2023-11-06",
        "value": 26843443.98400413
      }
    ],
    "eps_trend": [
      {
        "date": "2025-07-28",
        "value": 0.0003066370104861749
      },
      {
        "date": "2025-04-29",
        "value": 0.0002913051599618661
      },
      {
        "date": "2025-01-29",
        "value": 0.0002767399019637728
      },
      {
        "date": "2024-10-31",
        "value": 0.0002629029068655841
      },
      {
        "date": "2024-08-02",
        "value": 0.00024975776152230493
      },
      {
        "date": "2024-05-04",
        "value": 0.00023726987344618964
      },
      {
        "date": "2024-02-04",
        "value": 0.00022540637977388017
      },
      {
        "date": "2023-11-06",
        "value": 0.00021413606078518613
      }
    ],
    "earnings_dates": [
      "2025-07-28",
      "2025-04-29",
      "2025-01-29",
      "2024-10-31",
      "2024-08-02",
      "2024-05-04",
      "2024-02-04",
      "2023-11-06"
    ]
  },
  "analysis": {
    "avg_revenue_growth": 49.72368760552423,
    "avg_earnings_surprise": 1.3448835573629045,
    "consistency_score": 89,
    "trend_direction": "growing"
  }
}