{
  "ticker": "LW",
  "quarters": [
    {
      "date": "2025-07-28",
      "quarter": "Q3 2025",
      "revenue": 101400341.33609156,
      "earnings": 13441722.448262377,
      "eps_actual": 0.005072345918497901,
      "eps_estimate": 0.0049506843828732335,
      "surprise_percent": 2.4574690328786124,
      "price_on_date": 0.35988860527634803,
      "revenue_growth": 13.463519424079754,
      "earnings_growth": 17.808876189921605
    },
    {
      "date": "2025-04-29",
      "quarter": "Q2 2025",
      "revenue": 96330324.26928698,
      "earnings": 12769636.325849256,
      "eps_actual": 0.004818728622573005,
      "eps_estimate": 0.004732954175044467,
      "surprise_percent": 1.8122813861330502,
      "price_on_date": 0.36006158106220226,
      "revenue_growth": 15.772587823614002,
      "earnings_growth": 14.939488377380162
    },
    {
      "date": "2025-01-29",
      "quarter": "Q1 2025",
      "revenue": 91513808.05582263,
      "earnings": 12131154.509556793,
      "eps_actual": 0.004577792191444355,
      "eps_estimate": 0.004528714925859452,
      "surprise_percent": 1.083690768537148,
      "price_on_date": 0.31851414339580897,
      "revenue_growth": 13.857306495227455,
      "earnings_growth": 10.52601084090203
    },
    {
      "date": "2024-10-31",
      "quarter": "Q4 2024",
      "revenue": 86938117.6530315,
      "earnings": 11524596.784078954,
      "eps_actual": 0.004348902581872137,
      "eps_estimate": 0.004194660943205452,
      "surprise_percent": 3.677094305238826,
      "price_on_date": 0.35473861591790573,
      "revenue_growth": 13.48286576447285,
      "earnings_growth": 16.40416442422486
    },
    {
      "date": "2024-08-02",
      "quarter": "Q3 2024",
      "revenue": 82591211.77037992,
      "earnings": 10948366.944875006,
      "eps_actual": 0.004131457452778531,
      "eps_estimate": 0.004001617562392555,
      "surprise_percent": 3.2446851394850604,
      "price_on_date": 0.3035943606506506,
      "revenue_growth": 17.871046732956632,
      "earnings_growth": 18.84441761577131
    },
    {
      "date": "2024-05-04",
      "quarter": "Q2 2024",
      "revenue": 78461651.18186091,
      "earnings": 10400948.597631253,
      "eps_actual": 0.003924884580139603,
      "eps_estimate": 0.0038357157193596963,
      "surprise_percent": 2.324699412155389,
      "price_on_date": 0.3153961558487596,
      "revenue_growth": 16.27842586195687,
      "earnings_growth": 19.201367606225503
    },
    {
      "date": "2024-02-04",
      "quarter": "Q1 2024",
      "revenue": 74538568.62276787,
      "earnings": 9880901.167749692,
      "eps_actual": 0.0037286403511326235,
      "eps_estimate": 0.003640304526708278,
      "surprise_percent": 2.426605350630444,
      "price_on_date": 0.2593099427666086,
      "revenue_growth": 12.197587861699407,
      "earnings_growth": 17.469644109071695
    },
    {
      "date": "2023-11-06",
      "quarter": "Q4 2023",
      "revenue": 70811640.19162947,
      "earnings": 9386856.109362205,
      "eps_actual": 0.0035422083335759917,
      "eps_estimate": 0.003563436589475293,
      "surprise_percent": -0.5957242500680219,
      "price_on_date": 0.24768040337035221,
      "revenue_growth": 14.806470150309258,
      "earnings_growth": 13.196434870760521
    }
  ],
  "metrics": {
    "revenue_trend": [
      {
        "date": "2025-07-28",
        "value": 101400341.33609156
      },
      {
        "date": "2025-04-29",
        "value": 96330324.26928698
      },
      {
        "date": "2025-01-29",
        "value": 91513808.05582263
      },
      {
        "date": "2024-10-31",
        "value": 86938117.6530315
      },
      {
        "date": "2024-08-02",
        "value": 82591211.77037992
      },
      {
        "date": "2024-05-04",
        "value": 78461651.18186091
      },
      {
        "date": "2024-02-04",
        "value": 74538568.62276787
      },
      {
        "date": "2023-11-06",
        "value": 70811640.19162947
      }
    ],
    "eps_trend": [
      {
        "date": "2025-07-28",
        "value": 0.005072345918497901
      },
      {
        "date": "2025-04-29",
        "value": 0.004818728622573005
      },
      {
        "date": "2025-01-29",
        "value": 0.004577792191444355
      },
      {
        "date": "2024-10-31",
        "value": 0.004348902581872137
      },
      {
        "date": "2024-08-02",
        "value": 0.004131457452778531
      },
      {
        "date": "2024-05-04",
        "value": 0.003924884580139603
      },
      {
        "date": "2024-02-04",
        "value": 0.0037286403511326235
      },
      {
        "date": "2023-11-06",
        "value": 0.0035422083335759917
      }
    ],
    "earnings_dates": [
      "2025-07-28",
      "2025-04-29",
      "2025-01-29",
      "2024-10-31",
      "2024-08-02",
      "2024-05-04",
      "2024-02-04",
      "2023-11-06"
    ]
  },
  "analysis": {
    "avg_revenue_growth": 14.144069876848516,
    "avg_earnings_surprise": 2.2576338731969092,
    "consistency_score": 77,
    "trend_direction": "growing"
  }
}