{
  "ticker": "LYB",
  "quarters": [
    {
      "date": "2025-07-28",
      "quarter": "Q3 2025",
      "revenue": 64065935.92724906,
      "earnings": 10662129.579964833,
      "eps_actual": 0.003581957252444662,
      "eps_estimate": 0.0035090231493407104,
      "surprise_percent": 2.078473124853991,
      "price_on_date": 0.4459570428887888,
      "revenue_growth": -10.004784382283889,
      "earnings_growth": -12.35286249377617
    },
    {
      "date": "2025-04-29",
      "quarter": "Q2 2025",
      "revenue": 60862639.13088661,
      "earnings": 10129023.100966591,
      "eps_actual": 0.003402859389822429,
      "eps_estimate": 0.0034255732883446163,
      "surprise_percent": -0.6630685321919852,
      "price_on_date": 0.46251194004675705,
      "revenue_growth": -12.973113773635264,
      "earnings_growth": -15.289833903217437
    },
    {
      "date": "2025-01-29",
      "quarter": "Q1 2025",
      "revenue": 57819507.174342275,
      "earnings": 9622571.945918262,
      "eps_actual": 0.0032327164203313076,
      "eps_estimate": 0.0032712662830135767,
      "surprise_percent": -1.1784385417489134,
      "price_on_date": 0.39640609209953737,
      "revenue_growth": -13.932996166402486,
      "earnings_growth": -9.60149798087983
    },
    {
      "date": "2024-10-31",
      "quarter": "Q4 2024",
      "revenue": 54928531.81562515,
      "earnings": 9141443.348622348,
      "eps_actual": 0.003071080599314742,
      "eps_estimate": 0.0029602987722952582,
      "surprise_percent": 3.742251561101357,
      "price_on_date": 0.42660976032464565,
      "revenue_growth": -10.21339340846365,
      "earnings_growth": -10.859360485833793
    },
    {
      "date": "2024-08-02",
      "quarter": "Q3 2024",
      "revenue": 52182105.2248439,
      "earnings": 8684371.18119123,
      "eps_actual": 0.0029175265693490047,
      "eps_estimate": 0.0028707128198401074,
      "surprise_percent": 1.6307360731229392,
      "price_on_date": 0.3904463874744583,
      "revenue_growth": -13.972324419814687,
      "earnings_growth": -13.108360420979091
    },
    {
      "date": "2024-05-04",
      "quarter": "Q2 2024",
      "revenue": 49572999.96360169,
      "earnings": 8250152.622131667,
      "eps_actual": 0.002771650240881554,
      "eps_estimate": 0.002729453867037862,
      "surprise_percent": 1.545963987641443,
      "price_on_date": 0.3424033042016742,
      "revenue_growth": -13.731762878782323,
      "earnings_growth": -10.255037553992764
    },
    {
      "date": "2024-02-04",
      "quarter": "Q1 2024",
      "revenue": 47094349.96542161,
      "earnings": 7837644.991025084,
      "eps_actual": 0.0026330677288374763,
      "eps_estimate": 0.0026214579561769633,
      "surprise_percent": 0.4428746466506061,
      "price_on_date": 0.3774686851268021,
      "revenue_growth": -11.060204506526153,
      "earnings_growth": -10.397490254615786
    },
    {
      "date": "2023-11-06",
      "quarter": "Q4 2023",
      "revenue": 44739632.467150524,
      "earnings": 7445762.741473829,
      "eps_actual": 0.0025014143423956023,
      "eps_estimate": 0.0023795967592801217,
      "surprise_percent": 5.119253194492203,
      "price_on_date": 0.3614015748341378,
      "revenue_growth": -12.440050784935854,
      "earnings_growth": -10.693872051831145
    }
  ],
  "metrics": {
    "revenue_trend": [
      {
        "date": "2025-07-28",
        "value": 64065935.92724906
      },
      {
        "date": "2025-04-29",
        "value": 60862639.13088661
      },
      {
        "date": "2025-01-29",
        "value": 57819507.174342275
      },
      {
        "date": "2024-10-31",
        "value": 54928531.81562515
      },
      {
        "date": "2024-08-02",
        "value": 52182105.2248439
      },
      {
        "date": "2024-05-04",
        "value": 49572999.96360169
      },
      {
        "date": "2024-02-04",
        "value": 47094349.96542161
      },
      {
        "date": "2023-11-06",
        "value": 44739632.467150524
      }
    ],
    "eps_trend": [
      {
        "date": "2025-07-28",
        "value": 0.003581957252444662
      },
      {
        "date": "2025-04-29",
        "value": 0.003402859389822429
      },
      {
        "date": "2025-01-29",
        "value": 0.0032327164203313076
      },
      {
        "date": "2024-10-31",
        "value": 0.003071080599314742
      },
      {
        "date": "2024-08-02",
        "value": 0.0029175265693490047
      },
      {
        "date": "2024-05-04",
        "value": 0.002771650240881554
      },
      {
        "date": "2024-02-04",
        "value": 0.0026330677288374763
      },
      {
        "date": "2023-11-06",
        "value": 0.0025014143423956023
      }
    ],
    "earnings_dates": [
      "2025-07-28",
      "2025-04-29",
      "2025-01-29",
      "2024-10-31",
      "2024-08-02",
      "2024-05-04",
      "2024-02-04",
      "2023-11-06"
    ]
  },
  "analysis": {
    "avg_revenue_growth": -11.781071932696323,
    "avg_earnings_surprise": 0.9948044030036123,
    "consistency_score": 78,
    "trend_direction": "declining"
  }
}