{
  "ticker": "LYFT",
  "quarters": [
    {
      "date": "2025-07-28",
      "quarter": "Q3 2025",
      "revenue": 2490149741.232463,
      "earnings": 115584673.9840575,
      "eps_actual": 0.0943490011417716,
      "eps_estimate": 0.09174329622446942,
      "surprise_percent": 2.8402128815240837,
      "price_on_date": 71.0299050168979,
      "revenue_growth": 12.844323599137471,
      "earnings_growth": 14.392718503974182
    },
    {
      "date": "2025-04-29",
      "quarter": "Q2 2025",
      "revenue": 2365642254.17084,
      "earnings": 109805440.28485462,
      "eps_actual": 0.08963155108468301,
      "eps_estimate": 0.08972061005111126,
      "surprise_percent": -0.09926255113235591,
      "price_on_date": 71.31653917749206,
      "revenue_growth": 12.52834962912708,
      "earnings_growth": 10.167060977939745
    },
    {
      "date": "2025-01-29",
      "quarter": "Q1 2025",
      "revenue": 2247360141.4622974,
      "earnings": 104315168.27061188,
      "eps_actual": 0.08514997353044886,
      "eps_estimate": 0.08470121357203349,
      "surprise_percent": 0.5298152641387168,
      "price_on_date": 68.85673835945785,
      "revenue_growth": 9.521987837026382,
      "earnings_growth": 9.440871385155475
    },
    {
      "date": "2024-10-31",
      "quarter": "Q4 2024",
      "revenue": 2134992134.3891826,
      "earnings": 99099409.85708128,
      "eps_actual": 0.08089247485392641,
      "eps_estimate": 0.0769997357166253,
      "surprise_percent": 5.055522724944381,
      "price_on_date": 63.70437948356621,
      "revenue_growth": 13.55538354763139,
      "earnings_growth": 10.119509803279769
    },
    {
      "date": "2024-08-02",
      "quarter": "Q3 2024",
      "revenue": 2028242527.6697235,
      "earnings": 94144439.36422722,
      "eps_actual": 0.07684785111123009,
      "eps_estimate": 0.07487826929198362,
      "surprise_percent": 2.6303783966563117,
      "price_on_date": 54.80167502229392,
      "revenue_growth": 12.913632285839979,
      "earnings_growth": 10.890733658825761
    },
    {
      "date": "2024-05-04",
      "quarter": "Q2 2024",
      "revenue": 1926830401.286237,
      "earnings": 89437217.39601585,
      "eps_actual": 0.07300545855566858,
      "eps_estimate": 0.07312198762372144,
      "surprise_percent": -0.15936255542246233,
      "price_on_date": 51.43015282741701,
      "revenue_growth": 11.269571929451876,
      "earnings_growth": 12.453490003003235
    },
    {
      "date": "2024-02-04",
      "quarter": "Q1 2024",
      "revenue": 1830488881.2219253,
      "earnings": 84965356.52621506,
      "eps_actual": 0.06935518562788515,
      "eps_estimate": 0.06854590720808044,
      "surprise_percent": 1.1806371128009534,
      "price_on_date": 56.95352442313673,
      "revenue_growth": 11.191015565498127,
      "earnings_growth": 12.744228782024367
    },
    {
      "date": "2023-11-06",
      "quarter": "Q4 2023",
      "revenue": 1738964437.1608286,
      "earnings": 80717088.6999043,
      "eps_actual": 0.06588742634649088,
      "eps_estimate": 0.06546491735340103,
      "surprise_percent": 0.6453975811334287,
      "price_on_date": 52.17153482831178,
      "revenue_growth": 13.364492023570994,
      "earnings_growth": 9.701611208497415
    }
  ],
  "metrics": {
    "revenue_trend": [
      {
        "date": "2025-07-28",
        "value": 2490149741.232463
      },
      {
        "date": "2025-04-29",
        "value": 2365642254.17084
      },
      {
        "date": "2025-01-29",
        "value": 2247360141.4622974
      },
      {
        "date": "2024-10-31",
        "value": 2134992134.3891826
      },
      {
        "date": "2024-08-02",
        "value": 2028242527.6697235
      },
      {
        "date": "2024-05-04",
        "value": 1926830401.286237
      },
      {
        "date": "2024-02-04",
        "value": 1830488881.2219253
      },
      {
        "date": "2023-11-06",
        "value": 1738964437.1608286
      }
    ],
    "eps_trend": [
      {
        "date": "2025-07-28",
        "value": 0.0943490011417716
      },
      {
        "date": "2025-04-29",
        "value": 0.08963155108468301
      },
      {
        "date": "2025-01-29",
        "value": 0.08514997353044886
      },
      {
        "date": "2024-10-31",
        "value": 0.08089247485392641
      },
      {
        "date": "2024-08-02",
        "value": 0.07684785111123009
      },
      {
        "date": "2024-05-04",
        "value": 0.07300545855566858
      },
      {
        "date": "2024-02-04",
        "value": 0.06935518562788515
      },
      {
        "date": "2023-11-06",
        "value": 0.06588742634649088
      }
    ],
    "earnings_dates": [
      "2025-07-28",
      "2025-04-29",
      "2025-01-29",
      "2024-10-31",
      "2024-08-02",
      "2024-05-04",
      "2024-02-04",
      "2023-11-06"
    ]
  },
  "analysis": {
    "avg_revenue_growth": 12.112511153230582,
    "avg_earnings_surprise": 2.0815720798687063,
    "consistency_score": 71,
    "trend_direction": "growing"
  }
}