{
  "ticker": "LYV",
  "quarters": [
    {
      "date": "2025-07-28",
      "quarter": "Q3 2025",
      "revenue": 57329585.4998323,
      "earnings": 4886986.983253837,
      "eps_actual": 0.006059468642640258,
      "eps_estimate": 0.006074479368811665,
      "surprise_percent": -0.24711132032939256,
      "price_on_date": 2.3486997875952516,
      "revenue_growth": -3.613171523844216,
      "earnings_growth": -3.4866231420217972
    },
    {
      "date": "2025-04-29",
      "quarter": "Q2 2025",
      "revenue": 54463106.224840686,
      "earnings": 4642637.634091145,
      "eps_actual": 0.005756495210508246,
      "eps_estimate": 0.005539242712762795,
      "surprise_percent": 3.9220613540707716,
      "price_on_date": 2.350966890936044,
      "revenue_growth": -3.128624122326666,
      "earnings_growth": -4.3361712069431695
    },
    {
      "date": "2025-01-29",
      "quarter": "Q1 2025",
      "revenue": 51739950.91359865,
      "earnings": 4410505.752386588,
      "eps_actual": 0.005468670449982832,
      "eps_estimate": 0.0054271587073220886,
      "surprise_percent": 0.7648890496741503,
      "price_on_date": 1.8668895181073564,
      "revenue_growth": -4.517708005026825,
      "earnings_growth": -3.753493768243842
    },
    {
      "date": "2024-10-31",
      "quarter": "Q4 2024",
      "revenue": 49152953.367918715,
      "earnings": 4189980.464767258,
      "eps_actual": 0.005195236927483691,
      "eps_estimate": 0.005166713881764182,
      "surprise_percent": 0.552053904517151,
      "price_on_date": 1.986470309249616,
      "revenue_growth": -3.5435684096345224,
      "earnings_growth": -4.508313382145158
    },
    {
      "date": "2024-08-02",
      "quarter": "Q3 2024",
      "revenue": 46695305.69952278,
      "earnings": 3980481.441528895,
      "eps_actual": 0.004935475081109506,
      "eps_estimate": 0.004799808917327505,
      "surprise_percent": 2.826490931591903,
      "price_on_date": 2.0029794653861273,
      "revenue_growth": -4.38426761141835,
      "earnings_growth": -4.737044943981039
    },
    {
      "date": "2024-05-04",
      "quarter": "Q2 2024",
      "revenue": 44360540.41454663,
      "earnings": 3781457.3694524495,
      "eps_actual": 0.00468870132705403,
      "eps_estimate": 0.004579551045360998,
      "surprise_percent": 2.3834275589874405,
      "price_on_date": 1.7308018525239566,
      "revenue_growth": -3.0625580564579304,
      "earnings_growth": -3.672383856060178
    },
    {
      "date": "2024-02-04",
      "quarter": "Q1 2024",
      "revenue": 42142513.3938193,
      "earnings": 3592384.5009798273,
      "eps_actual": 0.004454266260701329,
      "eps_estimate": 0.00436035743115101,
      "surprise_percent": 2.153695678235468,
      "price_on_date": 1.7871761021086585,
      "revenue_growth": -4.162185493860289,
      "earnings_growth": -2.826892113653157
    },
    {
      "date": "2023-11-06",
      "quarter": "Q4 2023",
      "revenue": 40035387.72412833,
      "earnings": 3412765.2759308354,
      "eps_actual": 0.004231552947666262,
      "eps_estimate": 0.004252888417130866,
      "surprise_percent": -0.5016700974016587,
      "price_on_date": 1.652101673788594,
      "revenue_growth": -3.357957677256143,
      "earnings_growth": -4.736090906825584
    }
  ],
  "metrics": {
    "revenue_trend": [
      {
        "date": "2025-07-28",
        "value": 57329585.4998323
      },
      {
        "date": "2025-04-29",
        "value": 54463106.224840686
      },
      {
        "date": "2025-01-29",
        "value": 51739950.91359865
      },
      {
        "date": "2024-10-31",
        "value": 49152953.367918715
      },
      {
        "date": "2024-08-02",
        "value": 46695305.69952278
      },
      {
        "date": "2024-05-04",
        "value": 44360540.41454663
      },
      {
        "date": "2024-02-04",
        "value": 42142513.3938193
      },
      {
        "date": "2023-11-06",
        "value": 40035387.72412833
      }
    ],
    "eps_trend": [
      {
        "date": "2025-07-28",
        "value": 0.006059468642640258
      },
      {
        "date": "2025-04-29",
        "value": 0.005756495210508246
      },
      {
        "date": "2025-01-29",
        "value": 0.005468670449982832
      },
      {
        "date": "2024-10-31",
        "value": 0.005195236927483691
      },
      {
        "date": "2024-08-02",
        "value": 0.004935475081109506
      },
      {
        "date": "2024-05-04",
        "value": 0.00468870132705403
      },
      {
        "date": "2024-02-04",
        "value": 0.004454266260701329
      },
      {
        "date": "2023-11-06",
        "value": 0.004231552947666262
      }
    ],
    "earnings_dates": [
      "2025-07-28",
      "2025-04-29",
      "2025-01-29",
      "2024-10-31",
      "2024-08-02",
      "2024-05-04",
      "2024-02-04",
      "2023-11-06"
    ]
  },
  "analysis": {
    "avg_revenue_growth": -3.7007680152080575,
    "avg_earnings_surprise": 1.2479732469831701,
    "consistency_score": 65,
    "trend_direction": "stable"
  }
}