{
  "ticker": "MA",
  "quarters": [
    {
      "date": "2025-07-28",
      "quarter": "Q3 2025",
      "revenue": 5606632187.378593,
      "earnings": 390300145.66358083,
      "eps_actual": 0.11763999649438354,
      "eps_estimate": 0.11393759794793991,
      "surprise_percent": 3.249496753596058,
      "price_on_date": 647.440990166247,
      "revenue_growth": 17.24840933312612,
      "earnings_growth": 17.791535460241615
    },
    {
      "date": "2025-04-29",
      "quarter": "Q2 2025",
      "revenue": 5326300578.009664,
      "earnings": 370785138.3804018,
      "eps_actual": 0.11175799666966438,
      "eps_estimate": 0.1092246677693961,
      "surprise_percent": 2.3193743245041,
      "price_on_date": 546.3384385667163,
      "revenue_growth": 21.480316040630573,
      "earnings_growth": 15.15231586227757
    },
    {
      "date": "2025-01-29",
      "quarter": "Q1 2025",
      "revenue": 5059985549.10918,
      "earnings": 352245881.4613817,
      "eps_actual": 0.10617009683618114,
      "eps_estimate": 0.10156313602021355,
      "surprise_percent": 4.536056089338059,
      "price_on_date": 569.5059336700915,
      "revenue_growth": 17.99067901600148,
      "earnings_growth": 16.18048128888177
    },
    {
      "date": "2024-10-31",
      "quarter": "Q4 2024",
      "revenue": 4806986271.653721,
      "earnings": 334633587.3883126,
      "eps_actual": 0.10086159199437209,
      "eps_estimate": 0.09596013578716978,
      "surprise_percent": 5.107804576343307,
      "price_on_date": 462.00743990563683,
      "revenue_growth": 17.924475120439677,
      "earnings_growth": 15.932526578313986
    },
    {
      "date": "2024-08-02",
      "quarter": "Q3 2024",
      "revenue": 4566636958.071034,
      "earnings": 317901908.01889694,
      "eps_actual": 0.09581851239465347,
      "eps_estimate": 0.0951657758548067,
      "surprise_percent": 0.6858942030196211,
      "price_on_date": 485.96207364334515,
      "revenue_growth": 16.953771580406205,
      "earnings_growth": 17.91614132543064
    },
    {
      "date": "2024-05-04",
      "quarter": "Q2 2024",
      "revenue": 4338305110.167482,
      "earnings": 302006812.61795205,
      "eps_actual": 0.09102758677492079,
      "eps_estimate": 0.09035143134046095,
      "surprise_percent": 0.748361619100379,
      "price_on_date": 437.53346465138753,
      "revenue_growth": 16.85810734980944,
      "earnings_growth": 17.50663493699397
    },
    {
      "date": "2024-02-04",
      "quarter": "Q1 2024",
      "revenue": 4121389854.659108,
      "earnings": 286906471.98705447,
      "eps_actual": 0.08647620743617476,
      "eps_estimate": 0.08540411469941485,
      "surprise_percent": 1.2553174288302285,
      "price_on_date": 448.3809541161158,
      "revenue_growth": 23.22005256220342,
      "earnings_growth": 17.99741382437322
    },
    {
      "date": "2023-11-06",
      "quarter": "Q4 2023",
      "revenue": 3915320361.9261527,
      "earnings": 272561148.3877017,
      "eps_actual": 0.082152397064366,
      "eps_estimate": 0.08327859756409858,
      "surprise_percent": -1.3523288487966658,
      "price_on_date": 442.7005822746439,
      "revenue_growth": 22.413985710125665,
      "earnings_growth": 14.91390633710143
    }
  ],
  "metrics": {
    "revenue_trend": [
      {
        "date": "2025-07-28",
        "value": 5606632187.378593
      },
      {
        "date": "2025-04-29",
        "value": 5326300578.009664
      },
      {
        "date": "2025-01-29",
        "value": 5059985549.10918
      },
      {
        "date": "2024-10-31",
        "value": 4806986271.653721
      },
      {
        "date": "2024-08-02",
        "value": 4566636958.071034
      },
      {
        "date": "2024-05-04",
        "value": 4338305110.167482
      },
      {
        "date": "2024-02-04",
        "value": 4121389854.659108
      },
      {
        "date": "2023-11-06",
        "value": 3915320361.9261527
      }
    ],
    "eps_trend": [
      {
        "date": "2025-07-28",
        "value": 0.11763999649438354
      },
      {
        "date": "2025-04-29",
        "value": 0.11175799666966438
      },
      {
        "date": "2025-01-29",
        "value": 0.10617009683618114
      },
      {
        "date": "2024-10-31",
        "value": 0.10086159199437209
      },
      {
        "date": "2024-08-02",
        "value": 0.09581851239465347
      },
      {
        "date": "2024-05-04",
        "value": 0.09102758677492079
      },
      {
        "date": "2024-02-04",
        "value": 0.08647620743617476
      },
      {
        "date": "2023-11-06",
        "value": 0.082152397064366
      }
    ],
    "earnings_dates": [
      "2025-07-28",
      "2025-04-29",
      "2025-01-29",
      "2024-10-31",
      "2024-08-02",
      "2024-05-04",
      "2024-02-04",
      "2023-11-06"
    ]
  },
  "analysis": {
    "avg_revenue_growth": 18.660969877549462,
    "avg_earnings_surprise": 3.803182935945381,
    "consistency_score": 87,
    "trend_direction": "growing"
  }
}