{
  "ticker": "MAA",
  "quarters": [
    {
      "date": "2025-07-28",
      "quarter": "Q3 2025",
      "revenue": 22541628.663115837,
      "earnings": 915298.3832085864,
      "eps_actual": 0.00020310606150291858,
      "eps_estimate": 0.00020523642813506535,
      "surprise_percent": -1.0380060944857132,
      "price_on_date": 0.2850036453705362,
      "revenue_growth": 20.996558124708155,
      "earnings_growth": 18.969702046027912
    },
    {
      "date": "2025-04-29",
      "quarter": "Q2 2025",
      "revenue": 21414547.229960043,
      "earnings": 869533.464048157,
      "eps_actual": 0.00019295075842777263,
      "eps_estimate": 0.00019535970523489474,
      "surprise_percent": -1.2330827404892286,
      "price_on_date": 0.27321121828214284,
      "revenue_growth": 18.01130443314604,
      "earnings_growth": 22.54833302390266
    },
    {
      "date": "2025-01-29",
      "quarter": "Q1 2025",
      "revenue": 20343819.86846204,
      "earnings": 826056.7908457492,
      "eps_actual": 0.00018330322050638402,
      "eps_estimate": 0.00018095361715972196,
      "surprise_percent": 1.2984561367392515,
      "price_on_date": 0.2683524812346472,
      "revenue_growth": 17.276699989801973,
      "earnings_growth": 16.399622298147793
    },
    {
      "date": "2024-10-31",
      "quarter": "Q4 2024",
      "revenue": 19326628.875038937,
      "earnings": 784753.9513034616,
      "eps_actual": 0.00017413805948106477,
      "eps_estimate": 0.0001688638923359127,
      "surprise_percent": 3.123324395875243,
      "price_on_date": 0.23115094162969346,
      "revenue_growth": 22.21127217861737,
      "earnings_growth": 23.914161033212636
    },
    {
      "date": "2024-08-02",
      "quarter": "Q3 2024",
      "revenue": 18360297.43128699,
      "earnings": 745516.2537382885,
      "eps_actual": 0.00016543115650701154,
      "eps_estimate": 0.00016412544484257965,
      "surprise_percent": 0.7955571213739978,
      "price_on_date": 0.2445387014295843,
      "revenue_growth": 17.794180139367985,
      "earnings_growth": 20.360790966051912
    },
    {
      "date": "2024-05-04",
      "quarter": "Q2 2024",
      "revenue": 17442282.55972264,
      "earnings": 708240.4410513741,
      "eps_actual": 0.00015715959868166097,
      "eps_estimate": 0.00015110184028625668,
      "surprise_percent": 4.009056662664137,
      "price_on_date": 0.2295844133244841,
      "revenue_growth": 16.98407650189554,
      "earnings_growth": 22.648466257246753
    },
    {
      "date": "2024-02-04",
      "quarter": "Q1 2024",
      "revenue": 16570168.431736507,
      "earnings": 672828.4189988053,
      "eps_actual": 0.0001493016187475779,
      "eps_estimate": 0.00014897528053507122,
      "surprise_percent": 0.21905527637509697,
      "price_on_date": 0.2346154634173533,
      "revenue_growth": 21.958942388321383,
      "earnings_growth": 25.054917227205934
    },
    {
      "date": "2023-11-06",
      "quarter": "Q4 2023",
      "revenue": 15741660.01014968,
      "earnings": 639186.998048865,
      "eps_actual": 0.000141836537810199,
      "eps_estimate": 0.00014320204398317833,
      "surprise_percent": -0.953552152607365,
      "price_on_date": 0.2233773027703364,
      "revenue_growth": 20.604460343840532,
      "earnings_growth": 20.207774062236357
    }
  ],
  "metrics": {
    "revenue_trend": [
      {
        "date": "2025-07-28",
        "value": 22541628.663115837
      },
      {
        "date": "2025-04-29",
        "value": 21414547.229960043
      },
      {
        "date": "2025-01-29",
        "value": 20343819.86846204
      },
      {
        "date": "2024-10-31",
        "value": 19326628.875038937
      },
      {
        "date": "2024-08-02",
        "value": 18360297.43128699
      },
      {
        "date": "2024-05-04",
        "value": 17442282.55972264
      },
      {
        "date": "2024-02-04",
        "value": 16570168.431736507
      },
      {
        "date": "2023-11-06",
        "value": 15741660.01014968
      }
    ],
    "eps_trend": [
      {
        "date": "2025-07-28",
        "value": 0.00020310606150291858
      },
      {
        "date": "2025-04-29",
        "value": 0.00019295075842777263
      },
      {
        "date": "2025-01-29",
        "value": 0.00018330322050638402
      },
      {
        "date": "2024-10-31",
        "value": 0.00017413805948106477
      },
      {
        "date": "2024-08-02",
        "value": 0.00016543115650701154
      },
      {
        "date": "2024-05-04",
        "value": 0.00015715959868166097
      },
      {
        "date": "2024-02-04",
        "value": 0.0001493016187475779
      },
      {
        "date": "2023-11-06",
        "value": 0.000141836537810199
      }
    ],
    "earnings_dates": [
      "2025-07-28",
      "2025-04-29",
      "2025-01-29",
      "2024-10-31",
      "2024-08-02",
      "2024-05-04",
      "2024-02-04",
      "2023-11-06"
    ]
  },
  "analysis": {
    "avg_revenue_growth": 19.623958681568382,
    "avg_earnings_surprise": 0.5376729244098881,
    "consistency_score": 70,
    "trend_direction": "growing"
  }
}