{
  "ticker": "MAR",
  "quarters": [
    {
      "date": "2025-07-28",
      "quarter": "Q3 2025",
      "revenue": 2085441800.621955,
      "earnings": 493634164.6433565,
      "eps_actual": 1.481416786161465,
      "eps_estimate": 1.4260173952291093,
      "surprise_percent": 3.884902885315443,
      "price_on_date": 129.44100355456902,
      "revenue_growth": 23.636862165722867,
      "earnings_growth": 22.01042103270188
    },
    {
      "date": "2025-04-29",
      "quarter": "Q2 2025",
      "revenue": 1981169710.590857,
      "earnings": 468952456.41118866,
      "eps_actual": 1.4073459468533918,
      "eps_estimate": 1.4233717224863984,
      "surprise_percent": -1.1259023472106253,
      "price_on_date": 138.70248554020318,
      "revenue_growth": 24.367988691597958,
      "earnings_growth": 32.738522001905885
    },
    {
      "date": "2025-01-29",
      "quarter": "Q1 2025",
      "revenue": 1882111225.0613143,
      "earnings": 445504833.5906293,
      "eps_actual": 1.3369786495107223,
      "eps_estimate": 1.3205213228567059,
      "surprise_percent": 1.2462749649823175,
      "price_on_date": 131.88453248416832,
      "revenue_growth": 25.23514999991476,
      "earnings_growth": 33.57383277908862
    },
    {
      "date": "2024-10-31",
      "quarter": "Q4 2024",
      "revenue": 1788005663.8082483,
      "earnings": 423229591.9110977,
      "eps_actual": 1.270129717035186,
      "eps_estimate": 1.2675325865133702,
      "surprise_percent": 0.2048965485739301,
      "price_on_date": 113.45411256187973,
      "revenue_growth": 27.39141166285681,
      "earnings_growth": 29.69531806178321
    },
    {
      "date": "2024-08-02",
      "quarter": "Q3 2024",
      "revenue": 1698605380.617836,
      "earnings": 402068112.3155429,
      "eps_actual": 1.2066232311834266,
      "eps_estimate": 1.2008427065356486,
      "surprise_percent": 0.4813723409666564,
      "price_on_date": 107.96050616191792,
      "revenue_growth": 25.077753339459182,
      "earnings_growth": 33.64542825101197
    },
    {
      "date": "2024-05-04",
      "quarter": "Q2 2024",
      "revenue": 1613675111.5869439,
      "earnings": 381964706.6997656,
      "eps_actual": 1.1462920696242551,
      "eps_estimate": 1.0985985180552804,
      "surprise_percent": 4.341308565880917,
      "price_on_date": 110.15168338876961,
      "revenue_growth": 29.959698360890524,
      "earnings_growth": 20.4647063716991
    },
    {
      "date": "2024-02-04",
      "quarter": "Q1 2024",
      "revenue": 1532991356.0075967,
      "earnings": 362866471.3647774,
      "eps_actual": 1.0889774661430425,
      "eps_estimate": 1.0520507764703053,
      "surprise_percent": 3.509972189424968,
      "price_on_date": 106.9947457531307,
      "revenue_growth": 29.000415954276125,
      "earnings_growth": 22.76005169189881
    },
    {
      "date": "2023-11-06",
      "quarter": "Q4 2023",
      "revenue": 1456341788.2072167,
      "earnings": 344723147.7965385,
      "eps_actual": 1.0345285928358903,
      "eps_estimate": 1.0186388908273403,
      "surprise_percent": 1.5598954793140047,
      "price_on_date": 100.30748968181997,
      "revenue_growth": 29.660949407148365,
      "earnings_growth": 24.41193079494089
    }
  ],
  "metrics": {
    "revenue_trend": [
      {
        "date": "2025-07-28",
        "value": 2085441800.621955
      },
      {
        "date": "2025-04-29",
        "value": 1981169710.590857
      },
      {
        "date": "2025-01-29",
        "value": 1882111225.0613143
      },
      {
        "date": "2024-10-31",
        "value": 1788005663.8082483
      },
      {
        "date": "2024-08-02",
        "value": 1698605380.617836
      },
      {
        "date": "2024-05-04",
        "value": 1613675111.5869439
      },
      {
        "date": "2024-02-04",
        "value": 1532991356.0075967
      },
      {
        "date": "2023-11-06",
        "value": 1456341788.2072167
      }
    ],
    "eps_trend": [
      {
        "date": "2025-07-28",
        "value": 1.481416786161465
      },
      {
        "date": "2025-04-29",
        "value": 1.4073459468533918
      },
      {
        "date": "2025-01-29",
        "value": 1.3369786495107223
      },
      {
        "date": "2024-10-31",
        "value": 1.270129717035186
      },
      {
        "date": "2024-08-02",
        "value": 1.2066232311834266
      },
      {
        "date": "2024-05-04",
        "value": 1.1462920696242551
      },
      {
        "date": "2024-02-04",
        "value": 1.0889774661430425
      },
      {
        "date": "2023-11-06",
        "value": 1.0345285928358903
      }
    ],
    "earnings_dates": [
      "2025-07-28",
      "2025-04-29",
      "2025-01-29",
      "2024-10-31",
      "2024-08-02",
      "2024-05-04",
      "2024-02-04",
      "2023-11-06"
    ]
  },
  "analysis": {
    "avg_revenue_growth": 25.1578531300231,
    "avg_earnings_surprise": 1.0525430129152664,
    "consistency_score": 61,
    "trend_direction": "growing"
  }
}