{
  "ticker": "MAS",
  "quarters": [
    {
      "date": "2025-07-28",
      "quarter": "Q3 2025",
      "revenue": 105002381.51411453,
      "earnings": 3878899.8475476955,
      "eps_actual": 0.0024601571265928587,
      "eps_estimate": 0.002357547184205102,
      "surprise_percent": 4.352402491675008,
      "price_on_date": 0.6906453883844164,
      "revenue_growth": 31.825948947982287,
      "earnings_growth": 37.85921528960343
    },
    {
      "date": "2025-04-29",
      "quarter": "Q2 2025",
      "revenue": 99752262.43840879,
      "earnings": 3684954.8551703105,
      "eps_actual": 0.0023371492702632156,
      "eps_estimate": 0.0023604684617957363,
      "surprise_percent": -0.9879052361826737,
      "price_on_date": 0.6422552645747323,
      "revenue_growth": 38.91462192681219,
      "earnings_growth": 44.18696426642549
    },
    {
      "date": "2025-01-29",
      "quarter": "Q1 2025",
      "revenue": 94764649.31648836,
      "earnings": 3500707.112411795,
      "eps_actual": 0.002220291806750055,
      "eps_estimate": 0.002174613048931532,
      "surprise_percent": 2.1005464784167645,
      "price_on_date": 0.6562444003539264,
      "revenue_growth": 32.58020678966077,
      "earnings_growth": 30.27447435504782
    },
    {
      "date": "2024-10-31",
      "quarter": "Q4 2024",
      "revenue": 90026416.85066393,
      "earnings": 3325671.756791205,
      "eps_actual": 0.002109277216412552,
      "eps_estimate": 0.002098448275759692,
      "surprise_percent": 0.5160451547913211,
      "price_on_date": 0.5852522888854755,
      "revenue_growth": 39.11850532027703,
      "earnings_growth": 39.110258800242995
    },
    {
      "date": "2024-08-02",
      "quarter": "Q3 2024",
      "revenue": 85525096.00813073,
      "earnings": 3159388.1689516446,
      "eps_actual": 0.002003813355591924,
      "eps_estimate": 0.0020244875087392293,
      "surprise_percent": -1.0212042829634573,
      "price_on_date": 0.5642932530819951,
      "revenue_growth": 36.89327900143246,
      "earnings_growth": 48.84421009404612
    },
    {
      "date": "2024-05-04",
      "quarter": "Q2 2024",
      "revenue": 81248841.20772418,
      "earnings": 3001418.760504062,
      "eps_actual": 0.0019036226878123277,
      "eps_estimate": 0.0019275167226723757,
      "surprise_percent": -1.2396278890343682,
      "price_on_date": 0.5458703382619646,
      "revenue_growth": 38.81576329542801,
      "earnings_growth": 47.26356723243929
    },
    {
      "date": "2024-02-04",
      "quarter": "Q1 2024",
      "revenue": 77186399.14733797,
      "earnings": 2851347.8224788588,
      "eps_actual": 0.0018084415534217113,
      "eps_estimate": 0.0017769791415401632,
      "surprise_percent": 1.7705560603417454,
      "price_on_date": 0.5204182873999162,
      "revenue_growth": 38.546036599126666,
      "earnings_growth": 40.25175370491228
    },
    {
      "date": "2023-11-06",
      "quarter": "Q4 2023",
      "revenue": 73327079.18997107,
      "earnings": 2708780.4313549157,
      "eps_actual": 0.0017180194757506256,
      "eps_estimate": 0.0016861769805809291,
      "surprise_percent": 1.8884432379527554,
      "price_on_date": 0.4610937101119254,
      "revenue_growth": 32.83864516370319,
      "earnings_growth": 39.70801481076463
    }
  ],
  "metrics": {
    "revenue_trend": [
      {
        "date": "2025-07-28",
        "value": 105002381.51411453
      },
      {
        "date": "2025-04-29",
        "value": 99752262.43840879
      },
      {
        "date": "2025-01-29",
        "value": 94764649.31648836
      },
      {
        "date": "2024-10-31",
        "value": 90026416.85066393
      },
      {
        "date": "2024-08-02",
        "value": 85525096.00813073
      },
      {
        "date": "2024-05-04",
        "value": 81248841.20772418
      },
      {
        "date": "2024-02-04",
        "value": 77186399.14733797
      },
      {
        "date": "2023-11-06",
        "value": 73327079.18997107
      }
    ],
    "eps_trend": [
      {
        "date": "2025-07-28",
        "value": 0.0024601571265928587
      },
      {
        "date": "2025-04-29",
        "value": 0.0023371492702632156
      },
      {
        "date": "2025-01-29",
        "value": 0.002220291806750055
      },
      {
        "date": "2024-10-31",
        "value": 0.002109277216412552
      },
      {
        "date": "2024-08-02",
        "value": 0.002003813355591924
      },
      {
        "date": "2024-05-04",
        "value": 0.0019036226878123277
      },
      {
        "date": "2024-02-04",
        "value": 0.0018084415534217113
      },
      {
        "date": "2023-11-06",
        "value": 0.0017180194757506256
      }
    ],
    "earnings_dates": [
      "2025-07-28",
      "2025-04-29",
      "2025-01-29",
      "2024-10-31",
      "2024-08-02",
      "2024-05-04",
      "2024-02-04",
      "2023-11-06"
    ]
  },
  "analysis": {
    "avg_revenue_growth": 35.60982074618307,
    "avg_earnings_surprise": 1.495272222175105,
    "consistency_score": 94,
    "trend_direction": "growing"
  }
}