{
  "ticker": "MCD",
  "quarters": [
    {
      "date": "2025-07-28",
      "quarter": "Q3 2025",
      "revenue": 47832907401.40247,
      "earnings": 1328436521.760646,
      "eps_actual": 1.018567247432059,
      "eps_estimate": 1.010919295902312,
      "surprise_percent": 0.7565343307569031,
      "price_on_date": 880.951038859632,
      "revenue_growth": 27.888573259851107,
      "earnings_growth": 22.94512793515818
    },
    {
      "date": "2025-04-29",
      "quarter": "Q2 2025",
      "revenue": 45441262031.332344,
      "earnings": 1262014695.6726139,
      "eps_actual": 0.967638885060456,
      "eps_estimate": 0.9627669904001902,
      "surprise_percent": 0.506030504664555,
      "price_on_date": 856.8686007536134,
      "revenue_growth": 26.729937479522047,
      "earnings_growth": 25.870683308947424
    },
    {
      "date": "2025-01-29",
      "quarter": "Q1 2025",
      "revenue": 43169198929.76573,
      "earnings": 1198913960.8889832,
      "eps_actual": 0.9192569408074334,
      "eps_estimate": 0.8893764132048688,
      "surprise_percent": 3.3597166687713287,
      "price_on_date": 870.7484260182032,
      "revenue_growth": 29.19547051509492,
      "earnings_growth": 29.299410626788244
    },
    {
      "date": "2024-10-31",
      "quarter": "Q4 2024",
      "revenue": 41010738983.27744,
      "earnings": 1138968262.844534,
      "eps_actual": 0.8732940937670616,
      "eps_estimate": 0.8551869527715058,
      "surprise_percent": 2.117331296609918,
      "price_on_date": 867.1172262601261,
      "revenue_growth": 24.89480278494746,
      "earnings_growth": 28.994214699773465
    },
    {
      "date": "2024-08-02",
      "quarter": "Q3 2024",
      "revenue": 38960202034.11357,
      "earnings": 1082019849.7023072,
      "eps_actual": 0.8296293890787084,
      "eps_estimate": 0.8156913522888551,
      "surprise_percent": 1.7087390654250185,
      "price_on_date": 690.1125526484268,
      "revenue_growth": 25.22588566551482,
      "earnings_growth": 20.459774979391856
    },
    {
      "date": "2024-05-04",
      "quarter": "Q2 2024",
      "revenue": 37012191932.40788,
      "earnings": 1027918857.2171917,
      "eps_actual": 0.7881479196247729,
      "eps_estimate": 0.7636687205230241,
      "surprise_percent": 3.2054735834909387,
      "price_on_date": 721.8302119291529,
      "revenue_growth": 30.45022942495922,
      "earnings_growth": 29.148597542020962
    },
    {
      "date": "2024-02-04",
      "quarter": "Q1 2024",
      "revenue": 35161582335.78749,
      "earnings": 976522914.3563322,
      "eps_actual": 0.7487405236435343,
      "eps_estimate": 0.7270211892971036,
      "surprise_percent": 2.9874417233188644,
      "price_on_date": 704.131981922034,
      "revenue_growth": 25.578377314454073,
      "earnings_growth": 19.821725715215255
    },
    {
      "date": "2023-11-06",
      "quarter": "Q4 2023",
      "revenue": 33403503218.99811,
      "earnings": 927696768.6385154,
      "eps_actual": 0.7113034974613575,
      "eps_estimate": 0.6817547813798976,
      "surprise_percent": 4.334214718912874,
      "price_on_date": 650.0838794570898,
      "revenue_growth": 25.036123350607742,
      "earnings_growth": 28.299428049068588
    }
  ],
  "metrics": {
    "revenue_trend": [
      {
        "date": "2025-07-28",
        "value": 47832907401.40247
      },
      {
        "date": "2025-04-29",
        "value": 45441262031.332344
      },
      {
        "date": "2025-01-29",
        "value": 43169198929.76573
      },
      {
        "date": "2024-10-31",
        "value": 41010738983.27744
      },
      {
        "date": "2024-08-02",
        "value": 38960202034.11357
      },
      {
        "date": "2024-05-04",
        "value": 37012191932.40788
      },
      {
        "date": "2024-02-04",
        "value": 35161582335.78749
      },
      {
        "date": "2023-11-06",
        "value": 33403503218.99811
      }
    ],
    "eps_trend": [
      {
        "date": "2025-07-28",
        "value": 1.018567247432059
      },
      {
        "date": "2025-04-29",
        "value": 0.967638885060456
      },
      {
        "date": "2025-01-29",
        "value": 0.9192569408074334
      },
      {
        "date": "2024-10-31",
        "value": 0.8732940937670616
      },
      {
        "date": "2024-08-02",
        "value": 0.8296293890787084
      },
      {
        "date": "2024-05-04",
        "value": 0.7881479196247729
      },
      {
        "date": "2024-02-04",
        "value": 0.7487405236435343
      },
      {
        "date": "2023-11-06",
        "value": 0.7113034974613575
      }
    ],
    "earnings_dates": [
      "2025-07-28",
      "2025-04-29",
      "2025-01-29",
      "2024-10-31",
      "2024-08-02",
      "2024-05-04",
      "2024-02-04",
      "2023-11-06"
    ]
  },
  "analysis": {
    "avg_revenue_growth": 27.177196009853883,
    "avg_earnings_surprise": 1.684903200200676,
    "consistency_score": 71,
    "trend_direction": "growing"
  }
}