{
  "ticker": "MCHP",
  "quarters": [
    {
      "date": "2025-07-28",
      "quarter": "Q3 2025",
      "revenue": 50352203.04387833,
      "earnings": 1750668.1941214742,
      "eps_actual": 0.0008842969185086596,
      "eps_estimate": 0.0008810097523074585,
      "surprise_percent": 0.37311348626863905,
      "price_on_date": 0.7429260117055041,
      "revenue_growth": 34.86714540991404,
      "earnings_growth": 44.41054576506121
    },
    {
      "date": "2025-04-29",
      "quarter": "Q2 2025",
      "revenue": 47834592.89168441,
      "earnings": 1663134.7844154004,
      "eps_actual": 0.0008400820725832266,
      "eps_estimate": 0.0008267121236256705,
      "surprise_percent": 1.617243605781431,
      "price_on_date": 0.6669453750015674,
      "revenue_growth": 33.62418978015635,
      "earnings_growth": 24.758344250080636
    },
    {
      "date": "2025-01-29",
      "quarter": "Q1 2025",
      "revenue": 45442863.24710019,
      "earnings": 1579978.0451946303,
      "eps_actual": 0.0007980779689540651,
      "eps_estimate": 0.0007610716201964012,
      "surprise_percent": 4.862400301842042,
      "price_on_date": 0.7539757148841997,
      "revenue_growth": 37.970996701243315,
      "earnings_growth": 25.310743266681197
    },
    {
      "date": "2024-10-31",
      "quarter": "Q4 2024",
      "revenue": 43170720.084745176,
      "earnings": 1500979.1429348986,
      "eps_actual": 0.0007581740705063618,
      "eps_estimate": 0.0007418776038215414,
      "surprise_percent": 2.1966516580193893,
      "price_on_date": 0.7259729509279401,
      "revenue_growth": 37.60664627829181,
      "earnings_growth": 41.35397559107349
    },
    {
      "date": "2024-08-02",
      "quarter": "Q3 2024",
      "revenue": 41012184.08050792,
      "earnings": 1425930.1857881537,
      "eps_actual": 0.0007202653669810437,
      "eps_estimate": 0.000708200368102734,
      "surprise_percent": 1.7036137542023302,
      "price_on_date": 0.6041914978444269,
      "revenue_growth": 38.771329619474244,
      "earnings_growth": 34.01076902972732
    },
    {
      "date": "2024-05-04",
      "quarter": "Q2 2024",
      "revenue": 38961574.87648252,
      "earnings": 1354633.6764987458,
      "eps_actual": 0.0006842520986319915,
      "eps_estimate": 0.0006748088571442615,
      "surprise_percent": 1.39939501204726,
      "price_on_date": 0.6015598862486943,
      "revenue_growth": 27.48295891420229,
      "earnings_growth": 35.25918242736214
    },
    {
      "date": "2024-02-04",
      "quarter": "Q1 2024",
      "revenue": 37013496.13265839,
      "earnings": 1286901.9926738085,
      "eps_actual": 0.0006500394937003918,
      "eps_estimate": 0.0006276283421217034,
      "surprise_percent": 3.5707679329660693,
      "price_on_date": 0.5592734638797766,
      "revenue_growth": 40.3306746327957,
      "earnings_growth": 42.26681794622433
    },
    {
      "date": "2023-11-06",
      "quarter": "Q4 2023",
      "revenue": 35162821.32602547,
      "earnings": 1222556.893040118,
      "eps_actual": 0.0006175375190153723,
      "eps_estimate": 0.0006180503781411961,
      "surprise_percent": -0.08298014918561103,
      "price_on_date": 0.5827514873120822,
      "revenue_growth": 37.8718616791515,
      "earnings_growth": 39.855266058654756
    }
  ],
  "metrics": {
    "revenue_trend": [
      {
        "date": "2025-07-28",
        "value": 50352203.04387833
      },
      {
        "date": "2025-04-29",
        "value": 47834592.89168441
      },
      {
        "date": "2025-01-29",
        "value": 45442863.24710019
      },
      {
        "date": "2024-10-31",
        "value": 43170720.084745176
      },
      {
        "date": "2024-08-02",
        "value": 41012184.08050792
      },
      {
        "date": "2024-05-04",
        "value": 38961574.87648252
      },
      {
        "date": "2024-02-04",
        "value": 37013496.13265839
      },
      {
        "date": "2023-11-06",
        "value": 35162821.32602547
      }
    ],
    "eps_trend": [
      {
        "date": "2025-07-28",
        "value": 0.0008842969185086596
      },
      {
        "date": "2025-04-29",
        "value": 0.0008400820725832266
      },
      {
        "date": "2025-01-29",
        "value": 0.0007980779689540651
      },
      {
        "date": "2024-10-31",
        "value": 0.0007581740705063618
      },
      {
        "date": "2024-08-02",
        "value": 0.0007202653669810437
      },
      {
        "date": "2024-05-04",
        "value": 0.0006842520986319915
      },
      {
        "date": "2024-02-04",
        "value": 0.0006500394937003918
      },
      {
        "date": "2023-11-06",
        "value": 0.0006175375190153723
      }
    ],
    "earnings_dates": [
      "2025-07-28",
      "2025-04-29",
      "2025-01-29",
      "2024-10-31",
      "2024-08-02",
      "2024-05-04",
      "2024-02-04",
      "2023-11-06"
    ]
  },
  "analysis": {
    "avg_revenue_growth": 36.01724454240138,
    "avg_earnings_surprise": 2.2623522629778754,
    "consistency_score": 61,
    "trend_direction": "growing"
  }
}