{
  "ticker": "MCK",
  "quarters": [
    {
      "date": "2025-07-28",
      "quarter": "Q3 2025",
      "revenue": 66810579.43382072,
      "earnings": 3662414.328395735,
      "eps_actual": 0.0009070984186034602,
      "eps_estimate": 0.0008650592693172285,
      "surprise_percent": 4.859684275669602,
      "price_on_date": 0.23095823902166487,
      "revenue_growth": 20.393010128913033,
      "earnings_growth": 26.112162190802476
    },
    {
      "date": "2025-04-29",
      "quarter": "Q2 2025",
      "revenue": 63470050.462129675,
      "earnings": 3479293.6119759483,
      "eps_actual": 0.0008617434976732872,
      "eps_estimate": 0.0008503913971197819,
      "surprise_percent": 1.334926551697743,
      "price_on_date": 0.2445492308916526,
      "revenue_growth": 17.598705430112208,
      "earnings_growth": 16.4612741963942
    },
    {
      "date": "2025-01-29",
      "quarter": "Q1 2025",
      "revenue": 60296547.9390232,
      "earnings": 3305328.931377151,
      "eps_actual": 0.0008186563227896229,
      "eps_estimate": 0.0008203577940087807,
      "surprise_percent": -0.2074059918225828,
      "price_on_date": 0.20591202926441496,
      "revenue_growth": 18.8085231343425,
      "earnings_growth": 14.457224506085335
    },
    {
      "date": "2024-10-31",
      "quarter": "Q4 2024",
      "revenue": 57281720.54207203,
      "earnings": 3140062.484808293,
      "eps_actual": 0.0007777235066501417,
      "eps_estimate": 0.0007692838077611153,
      "surprise_percent": 1.0970852114499625,
      "price_on_date": 0.1925568558654422,
      "revenue_growth": 22.894180907490053,
      "earnings_growth": 21.656876965556464
    },
    {
      "date": "2024-08-02",
      "quarter": "Q3 2024",
      "revenue": 54417634.514968425,
      "earnings": 2983059.3605678785,
      "eps_actual": 0.0007388373313176346,
      "eps_estimate": 0.0007209897153587741,
      "surprise_percent": 2.475432808355566,
      "price_on_date": 0.20510195501634637,
      "revenue_growth": 19.054351533673735,
      "earnings_growth": 20.80901113547379
    },
    {
      "date": "2024-05-04",
      "quarter": "Q2 2024",
      "revenue": 51696752.78922,
      "earnings": 2833906.392539484,
      "eps_actual": 0.0007018954647517527,
      "eps_estimate": 0.0006844188305280695,
      "surprise_percent": 2.553499910310616,
      "price_on_date": 0.20006913370867133,
      "revenue_growth": 20.522686949801273,
      "earnings_growth": 16.017004859744695
    },
    {
      "date": "2024-02-04",
      "quarter": "Q1 2024",
      "revenue": 49111915.149759,
      "earnings": 2692211.07291251,
      "eps_actual": 0.0006668006915141651,
      "eps_estimate": 0.0006674545353217295,
      "surprise_percent": -0.0979608007681326,
      "price_on_date": 0.1823334061445601,
      "revenue_growth": 22.30717463478303,
      "earnings_growth": 21.221053780959284
    },
    {
      "date": "2023-11-06",
      "quarter": "Q4 2023",
      "revenue": 46656319.39227104,
      "earnings": 2557600.519266884,
      "eps_actual": 0.0006334606569384567,
      "eps_estimate": 0.0006219078168376572,
      "surprise_percent": 1.8576451023794245,
      "price_on_date": 0.18285726369254887,
      "revenue_growth": 17.631894311192507,
      "earnings_growth": 25.110273755334912
    }
  ],
  "metrics": {
    "revenue_trend": [
      {
        "date": "2025-07-28",
        "value": 66810579.43382072
      },
      {
        "date": "2025-04-29",
        "value": 63470050.462129675
      },
      {
        "date": "2025-01-29",
        "value": 60296547.9390232
      },
      {
        "date": "2024-10-31",
        "value": 57281720.54207203
      },
      {
        "date": "2024-08-02",
        "value": 54417634.514968425
      },
      {
        "date": "2024-05-04",
        "value": 51696752.78922
      },
      {
        "date": "2024-02-04",
        "value": 49111915.149759
      },
      {
        "date": "2023-11-06",
        "value": 46656319.39227104
      }
    ],
    "eps_trend": [
      {
        "date": "2025-07-28",
        "value": 0.0009070984186034602
      },
      {
        "date": "2025-04-29",
        "value": 0.0008617434976732872
      },
      {
        "date": "2025-01-29",
        "value": 0.0008186563227896229
      },
      {
        "date": "2024-10-31",
        "value": 0.0007777235066501417
      },
      {
        "date": "2024-08-02",
        "value": 0.0007388373313176346
      },
      {
        "date": "2024-05-04",
        "value": 0.0007018954647517527
      },
      {
        "date": "2024-02-04",
        "value": 0.0006668006915141651
      },
      {
        "date": "2023-11-06",
        "value": 0.0006334606569384567
      }
    ],
    "earnings_dates": [
      "2025-07-28",
      "2025-04-29",
      "2025-01-29",
      "2024-10-31",
      "2024-08-02",
      "2024-05-04",
      "2024-02-04",
      "2023-11-06"
    ]
  },
  "analysis": {
    "avg_revenue_growth": 19.92360490021445,
    "avg_earnings_surprise": 1.7710725117486812,
    "consistency_score": 75,
    "trend_direction": "growing"
  }
}