{
  "ticker": "MCO",
  "quarters": [
    {
      "date": "2025-07-28",
      "quarter": "Q3 2025",
      "revenue": 962774514.986301,
      "earnings": 399597982.5328431,
      "eps_actual": 0.08365964433029287,
      "eps_estimate": 0.08052828924819781,
      "surprise_percent": 3.888515590395624,
      "price_on_date": 2.0535506097137906,
      "revenue_growth": 49.72924391936104,
      "earnings_growth": 42.87384837276515
    },
    {
      "date": "2025-04-29",
      "quarter": "Q2 2025",
      "revenue": 914635789.2369858,
      "earnings": 379618083.4062009,
      "eps_actual": 0.07947666211377821,
      "eps_estimate": 0.08017101601636469,
      "surprise_percent": -0.8660909354631848,
      "price_on_date": 1.9685048130557676,
      "revenue_growth": 41.900115492183396,
      "earnings_growth": 29.18066128922011
    },
    {
      "date": "2025-01-29",
      "quarter": "Q1 2025",
      "revenue": 868903999.7751366,
      "earnings": 360637179.23589087,
      "eps_actual": 0.07550282900808931,
      "eps_estimate": 0.07428909185307928,
      "surprise_percent": 1.6338026549179436,
      "price_on_date": 1.707307663701645,
      "revenue_growth": 44.24867297803345,
      "earnings_growth": 38.62667066145115
    },
    {
      "date": "2024-10-31",
      "quarter": "Q4 2024",
      "revenue": 825458799.7863797,
      "earnings": 342605320.2740963,
      "eps_actual": 0.07172768755768484,
      "eps_estimate": 0.07186860273508064,
      "surprise_percent": -0.1960733505773503,
      "price_on_date": 1.5583395911586866,
      "revenue_growth": 38.64033058038297,
      "earnings_growth": 41.42405538318417
    },
    {
      "date": "2024-08-02",
      "quarter": "Q3 2024",
      "revenue": 784185859.7970606,
      "earnings": 325475054.2603915,
      "eps_actual": 0.06814130317980059,
      "eps_estimate": 0.06604620952424872,
      "surprise_percent": 3.1721633544808654,
      "price_on_date": 1.5522474162694737,
      "revenue_growth": 49.109250745186564,
      "earnings_growth": 48.169899377167035
    },
    {
      "date": "2024-05-04",
      "quarter": "Q2 2024",
      "revenue": 744976566.8072075,
      "earnings": 309201301.54737186,
      "eps_actual": 0.06473423802081056,
      "eps_estimate": 0.0633308702041377,
      "surprise_percent": 2.215930101938136,
      "price_on_date": 1.4305292622514614,
      "revenue_growth": 45.27565977157509,
      "earnings_growth": 50.14122644604227
    },
    {
      "date": "2024-02-04",
      "quarter": "Q1 2024",
      "revenue": 707727738.4668472,
      "earnings": 293741236.4700033,
      "eps_actual": 0.06149752611977004,
      "eps_estimate": 0.061572064701879474,
      "surprise_percent": -0.12105909144079874,
      "price_on_date": 1.4014417849285183,
      "revenue_growth": 37.77659090851172,
      "earnings_growth": 53.575538008449485
    },
    {
      "date": "2023-11-06",
      "quarter": "Q4 2023",
      "revenue": 672341351.5435047,
      "earnings": 279054174.6465031,
      "eps_actual": 0.05842264981378152,
      "eps_estimate": 0.05618997045834566,
      "surprise_percent": 3.973448174511813,
      "price_on_date": 1.2924249720100784,
      "revenue_growth": 45.676934401771504,
      "earnings_growth": 30.3935512666252
    }
  ],
  "metrics": {
    "revenue_trend": [
      {
        "date": "2025-07-28",
        "value": 962774514.986301
      },
      {
        "date": "2025-04-29",
        "value": 914635789.2369858
      },
      {
        "date": "2025-01-29",
        "value": 868903999.7751366
      },
      {
        "date": "2024-10-31",
        "value": 825458799.7863797
      },
      {
        "date": "2024-08-02",
        "value": 784185859.7970606
      },
      {
        "date": "2024-05-04",
        "value": 744976566.8072075
      },
      {
        "date": "2024-02-04",
        "value": 707727738.4668472
      },
      {
        "date": "2023-11-06",
        "value": 672341351.5435047
      }
    ],
    "eps_trend": [
      {
        "date": "2025-07-28",
        "value": 0.08365964433029287
      },
      {
        "date": "2025-04-29",
        "value": 0.07947666211377821
      },
      {
        "date": "2025-01-29",
        "value": 0.07550282900808931
      },
      {
        "date": "2024-10-31",
        "value": 0.07172768755768484
      },
      {
        "date": "2024-08-02",
        "value": 0.06814130317980059
      },
      {
        "date": "2024-05-04",
        "value": 0.06473423802081056
      },
      {
        "date": "2024-02-04",
        "value": 0.06149752611977004
      },
      {
        "date": "2023-11-06",
        "value": 0.05842264981378152
      }
    ],
    "earnings_dates": [
      "2025-07-28",
      "2025-04-29",
      "2025-01-29",
      "2024-10-31",
      "2024-08-02",
      "2024-05-04",
      "2024-02-04",
      "2023-11-06"
    ]
  },
  "analysis": {
    "avg_revenue_growth": 43.629590742490215,
    "avg_earnings_surprise": 1.1150384898182581,
    "consistency_score": 78,
    "trend_direction": "growing"
  }
}