{
  "ticker": "MDLZ",
  "quarters": [
    {
      "date": "2025-07-28",
      "quarter": "Q3 2025",
      "revenue": 46641811.567383416,
      "earnings": 10020735.576828443,
      "eps_actual": 0.00514691477566067,
      "eps_estimate": 0.005230961725566375,
      "surprise_percent": -1.6067207965779022,
      "price_on_date": 0.5785714558184625,
      "revenue_growth": -13.447072377009631,
      "earnings_growth": -20.482858493258448
    },
    {
      "date": "2025-04-29",
      "quarter": "Q2 2025",
      "revenue": 44309720.989014246,
      "earnings": 9519698.797987022,
      "eps_actual": 0.004889569036877637,
      "eps_estimate": 0.004895665995157607,
      "surprise_percent": -0.12453787259997826,
      "price_on_date": 0.5325022914836215,
      "revenue_growth": -18.92605240704914,
      "earnings_growth": -12.75056068121322
    },
    {
      "date": "2025-01-29",
      "quarter": "Q1 2025",
      "revenue": 42094234.939563535,
      "earnings": 9043713.85808767,
      "eps_actual": 0.004645090585033755,
      "eps_estimate": 0.004620542570958599,
      "surprise_percent": 0.5312799026990294,
      "price_on_date": 0.47153505402998136,
      "revenue_growth": -16.730351779893027,
      "earnings_growth": -20.5025600631934
    },
    {
      "date": "2024-10-31",
      "quarter": "Q4 2024",
      "revenue": 39989523.19258535,
      "earnings": 8591528.165183285,
      "eps_actual": 0.004412836055782066,
      "eps_estimate": 0.004322716492923041,
      "surprise_percent": 2.084790039008231,
      "price_on_date": 0.5116499146381814,
      "revenue_growth": -17.195529752763793,
      "earnings_growth": -13.089053098462687
    },
    {
      "date": "2024-08-02",
      "quarter": "Q3 2024",
      "revenue": 37990047.032956086,
      "earnings": 8161951.756924122,
      "eps_actual": 0.004192194252992964,
      "eps_estimate": 0.003998049538576285,
      "surprise_percent": 4.855985713619102,
      "price_on_date": 0.4197725615966823,
      "revenue_growth": -13.167703732166974,
      "earnings_growth": -15.950950438382538
    },
    {
      "date": "2024-05-04",
      "quarter": "Q2 2024",
      "revenue": 36090544.68130827,
      "earnings": 7753854.169077912,
      "eps_actual": 0.0039825845403433134,
      "eps_estimate": 0.004042443823831547,
      "surprise_percent": -1.4807697050814461,
      "price_on_date": 0.45311648640121627,
      "revenue_growth": -17.565863051041475,
      "earnings_growth": -16.509919999037837
    },
    {
      "date": "2024-02-04",
      "quarter": "Q1 2024",
      "revenue": 34286017.44724286,
      "earnings": 7366161.460624019,
      "eps_actual": 0.003783455313326149,
      "eps_estimate": 0.003729655757643575,
      "surprise_percent": 1.4424804641103102,
      "price_on_date": 0.38875717338526694,
      "revenue_growth": -18.604592001264972,
      "earnings_growth": -20.177784541706746
    },
    {
      "date": "2023-11-06",
      "quarter": "Q4 2023",
      "revenue": 32571716.574880715,
      "earnings": 6997853.387592817,
      "eps_actual": 0.003594282547659841,
      "eps_estimate": 0.0034844545121613135,
      "surprise_percent": 3.1519434423726804,
      "price_on_date": 0.38526883642806786,
      "revenue_growth": -18.19987218038967,
      "earnings_growth": -11.546480120764567
    }
  ],
  "metrics": {
    "revenue_trend": [
      {
        "date": "2025-07-28",
        "value": 46641811.567383416
      },
      {
        "date": "2025-04-29",
        "value": 44309720.989014246
      },
      {
        "date": "2025-01-29",
        "value": 42094234.939563535
      },
      {
        "date": "2024-10-31",
        "value": 39989523.19258535
      },
      {
        "date": "2024-08-02",
        "value": 37990047.032956086
      },
      {
        "date": "2024-05-04",
        "value": 36090544.68130827
      },
      {
        "date": "2024-02-04",
        "value": 34286017.44724286
      },
      {
        "date": "2023-11-06",
        "value": 32571716.574880715
      }
    ],
    "eps_trend": [
      {
        "date": "2025-07-28",
        "value": 0.00514691477566067
      },
      {
        "date": "2025-04-29",
        "value": 0.004889569036877637
      },
      {
        "date": "2025-01-29",
        "value": 0.004645090585033755
      },
      {
        "date": "2024-10-31",
        "value": 0.004412836055782066
      },
      {
        "date": "2024-08-02",
        "value": 0.004192194252992964
      },
      {
        "date": "2024-05-04",
        "value": 0.0039825845403433134
      },
      {
        "date": "2024-02-04",
        "value": 0.003783455313326149
      },
      {
        "date": "2023-11-06",
        "value": 0.003594282547659841
      }
    ],
    "earnings_dates": [
      "2025-07-28",
      "2025-04-29",
      "2025-01-29",
      "2024-10-31",
      "2024-08-02",
      "2024-05-04",
      "2024-02-04",
      "2023-11-06"
    ]
  },
  "analysis": {
    "avg_revenue_growth": -16.574751579178898,
    "avg_earnings_surprise": 0.22120281813234494,
    "consistency_score": 80,
    "trend_direction": "declining"
  }
}