{
  "ticker": "MDT",
  "quarters": [
    {
      "date": "2025-07-28",
      "quarter": "Q3 2025",
      "revenue": 1637016040.9491553,
      "earnings": 48069982.86698053,
      "eps_actual": 0.045977292991564986,
      "eps_estimate": 0.04415288497323481,
      "surprise_percent": 4.132024485910992,
      "price_on_date": 54.035111191445935,
      "revenue_growth": -2.755600525319141,
      "earnings_growth": -3.119262374366956
    },
    {
      "date": "2025-04-29",
      "quarter": "Q2 2025",
      "revenue": 1555165238.9016974,
      "earnings": 45666483.7236315,
      "eps_actual": 0.043678428341986736,
      "eps_estimate": 0.042457282513071515,
      "surprise_percent": 2.8761751968917495,
      "price_on_date": 52.478187460861626,
      "revenue_growth": -2.5135991888406024,
      "earnings_growth": -1.7863204920381333
    },
    {
      "date": "2025-01-29",
      "quarter": "Q1 2025",
      "revenue": 1477406976.9566126,
      "earnings": 43383159.537449926,
      "eps_actual": 0.041494506924887396,
      "eps_estimate": 0.04169639855630112,
      "surprise_percent": -0.4841944110379598,
      "price_on_date": 52.4236410039153,
      "revenue_growth": -2.2497495128942457,
      "earnings_growth": -2.6948308457215617
    },
    {
      "date": "2024-10-31",
      "quarter": "Q4 2024",
      "revenue": 1403536628.1087818,
      "earnings": 41214001.56057743,
      "eps_actual": 0.03941978157864303,
      "eps_estimate": 0.04011206056628575,
      "surprise_percent": -1.7258624410449352,
      "price_on_date": 47.17538279853408,
      "revenue_growth": -2.0109481203311526,
      "earnings_growth": -3.0797852112923643
    },
    {
      "date": "2024-08-02",
      "quarter": "Q3 2024",
      "revenue": 1333359796.7033427,
      "earnings": 39153301.48254856,
      "eps_actual": 0.03744879249971088,
      "eps_estimate": 0.03716235231921458,
      "surprise_percent": 0.7707805416510062,
      "price_on_date": 51.24536130692905,
      "revenue_growth": -2.232341018616947,
      "earnings_growth": -3.1362642907505305
    },
    {
      "date": "2024-05-04",
      "quarter": "Q2 2024",
      "revenue": 1266691806.8681755,
      "earnings": 37195636.40842112,
      "eps_actual": 0.035576352874725325,
      "eps_estimate": 0.03404060874514038,
      "surprise_percent": 4.511506069362486,
      "price_on_date": 46.9338928347951,
      "revenue_growth": -2.82777735105181,
      "earnings_growth": -2.1691920262658844
    },
    {
      "date": "2024-02-04",
      "quarter": "Q1 2024",
      "revenue": 1203357216.5247667,
      "earnings": 35335854.58800007,
      "eps_actual": 0.03379753523098906,
      "eps_estimate": 0.03361927274519884,
      "surprise_percent": 0.5302389707870069,
      "price_on_date": 43.54450203179321,
      "revenue_growth": -2.225939814260989,
      "earnings_growth": -2.7764006567859916
    },
    {
      "date": "2023-11-06",
      "quarter": "Q4 2023",
      "revenue": 1143189355.6985283,
      "earnings": 33569061.858600065,
      "eps_actual": 0.03210765846943961,
      "eps_estimate": 0.03170107182082319,
      "surprise_percent": 1.2825643590679705,
      "price_on_date": 38.98642489650132,
      "revenue_growth": -2.2772041549533277,
      "earnings_growth": -2.9095835876377345
    }
  ],
  "metrics": {
    "revenue_trend": [
      {
        "date": "2025-07-28",
        "value": 1637016040.9491553
      },
      {
        "date": "2025-04-29",
        "value": 1555165238.9016974
      },
      {
        "date": "2025-01-29",
        "value": 1477406976.9566126
      },
      {
        "date": "2024-10-31",
        "value": 1403536628.1087818
      },
      {
        "date": "2024-08-02",
        "value": 1333359796.7033427
      },
      {
        "date": "2024-05-04",
        "value": 1266691806.8681755
      },
      {
        "date": "2024-02-04",
        "value": 1203357216.5247667
      },
      {
        "date": "2023-11-06",
        "value": 1143189355.6985283
      }
    ],
    "eps_trend": [
      {
        "date": "2025-07-28",
        "value": 0.045977292991564986
      },
      {
        "date": "2025-04-29",
        "value": 0.043678428341986736
      },
      {
        "date": "2025-01-29",
        "value": 0.041494506924887396
      },
      {
        "date": "2024-10-31",
        "value": 0.03941978157864303
      },
      {
        "date": "2024-08-02",
        "value": 0.03744879249971088
      },
      {
        "date": "2024-05-04",
        "value": 0.035576352874725325
      },
      {
        "date": "2024-02-04",
        "value": 0.03379753523098906
      },
      {
        "date": "2023-11-06",
        "value": 0.03210765846943961
      }
    ],
    "earnings_dates": [
      "2025-07-28",
      "2025-04-29",
      "2025-01-29",
      "2024-10-31",
      "2024-08-02",
      "2024-05-04",
      "2024-02-04",
      "2023-11-06"
    ]
  },
  "analysis": {
    "avg_revenue_growth": -2.3824743368462853,
    "avg_earnings_surprise": 1.1995357076799618,
    "consistency_score": 94,
    "trend_direction": "stable"
  }
}