{
  "ticker": "MET",
  "quarters": [
    {
      "date": "2025-07-28",
      "quarter": "Q3 2025",
      "revenue": 91756143.47051987,
      "earnings": 5169580.549673406,
      "eps_actual": 0.001151728628490998,
      "eps_estimate": 0.0011547467441118096,
      "surprise_percent": -0.26136602126841196,
      "price_on_date": 0.30713411579603495,
      "revenue_growth": 43.00882930382364,
      "earnings_growth": 38.36813682953923
    },
    {
      "date": "2025-04-29",
      "quarter": "Q2 2025",
      "revenue": 87168336.29699387,
      "earnings": 4911101.522189735,
      "eps_actual": 0.001094142197066448,
      "eps_estimate": 0.0010947269657758123,
      "surprise_percent": -0.053416854398014066,
      "price_on_date": 0.2869200795626949,
      "revenue_growth": 41.42831212853661,
      "earnings_growth": 37.455306887072716
    },
    {
      "date": "2025-01-29",
      "quarter": "Q1 2025",
      "revenue": 82809919.48214418,
      "earnings": 4665546.446080249,
      "eps_actual": 0.0010394350872131256,
      "eps_estimate": 0.001026645592560991,
      "surprise_percent": 1.245755569868168,
      "price_on_date": 0.280416338299275,
      "revenue_growth": 33.828043335396146,
      "earnings_growth": 40.99024468281322
    },
    {
      "date": "2024-10-31",
      "quarter": "Q4 2024",
      "revenue": 78669423.50803696,
      "earnings": 4432269.123776236,
      "eps_actual": 0.0009874633328524692,
      "eps_estimate": 0.0009915191586626142,
      "surprise_percent": -0.4090516834405579,
      "price_on_date": 0.2853919211395338,
      "revenue_growth": 38.50800411756708,
      "earnings_growth": 38.308125863655945
    },
    {
      "date": "2024-08-02",
      "quarter": "Q3 2024",
      "revenue": 74735952.33263512,
      "earnings": 4210655.667587425,
      "eps_actual": 0.0009380901662098458,
      "eps_estimate": 0.0008922111822768011,
      "surprise_percent": 5.142166433732403,
      "price_on_date": 0.24324211850951297,
      "revenue_growth": 37.67762457317276,
      "earnings_growth": 47.2062822582799
    },
    {
      "date": "2024-05-04",
      "quarter": "Q2 2024",
      "revenue": 70999154.71600334,
      "earnings": 4000122.8842080524,
      "eps_actual": 0.0008911856578993533,
      "eps_estimate": 0.0008966306946136596,
      "surprise_percent": -0.6072775276394505,
      "price_on_date": 0.25314703018850987,
      "revenue_growth": 38.90592664899069,
      "earnings_growth": 41.19469829760567
    },
    {
      "date": "2024-02-04",
      "quarter": "Q1 2024",
      "revenue": 67449196.98020318,
      "earnings": 3800116.73999765,
      "eps_actual": 0.0008466263750043858,
      "eps_estimate": 0.0008414732934167055,
      "surprise_percent": 0.6123880137368162,
      "price_on_date": 0.2128619399988837,
      "revenue_growth": 37.5911994811079,
      "earnings_growth": 34.41134235006515
    },
    {
      "date": "2023-11-06",
      "quarter": "Q4 2023",
      "revenue": 64076737.13119301,
      "earnings": 3610110.902997767,
      "eps_actual": 0.0008042950562541664,
      "eps_estimate": 0.0007932011728491024,
      "surprise_percent": 1.3986216592716043,
      "price_on_date": 0.2095103242702123,
      "revenue_growth": 32.77442538525776,
      "earnings_growth": 38.221067622090224
    }
  ],
  "metrics": {
    "revenue_trend": [
      {
        "date": "2025-07-28",
        "value": 91756143.47051987
      },
      {
        "date": "2025-04-29",
        "value": 87168336.29699387
      },
      {
        "date": "2025-01-29",
        "value": 82809919.48214418
      },
      {
        "date": "2024-10-31",
        "value": 78669423.50803696
      },
      {
        "date": "2024-08-02",
        "value": 74735952.33263512
      },
      {
        "date": "2024-05-04",
        "value": 70999154.71600334
      },
      {
        "date": "2024-02-04",
        "value": 67449196.98020318
      },
      {
        "date": "2023-11-06",
        "value": 64076737.13119301
      }
    ],
    "eps_trend": [
      {
        "date": "2025-07-28",
        "value": 0.001151728628490998
      },
      {
        "date": "2025-04-29",
        "value": 0.001094142197066448
      },
      {
        "date": "2025-01-29",
        "value": 0.0010394350872131256
      },
      {
        "date": "2024-10-31",
        "value": 0.0009874633328524692
      },
      {
        "date": "2024-08-02",
        "value": 0.0009380901662098458
      },
      {
        "date": "2024-05-04",
        "value": 0.0008911856578993533
      },
      {
        "date": "2024-02-04",
        "value": 0.0008466263750043858
      },
      {
        "date": "2023-11-06",
        "value": 0.0008042950562541664
      }
    ],
    "earnings_dates": [
      "2025-07-28",
      "2025-04-29",
      "2025-01-29",
      "2024-10-31",
      "2024-08-02",
      "2024-05-04",
      "2024-02-04",
      "2023-11-06"
    ]
  },
  "analysis": {
    "avg_revenue_growth": 39.193297221330866,
    "avg_earnings_surprise": 0.130480252690296,
    "consistency_score": 78,
    "trend_direction": "growing"
  }
}