{
  "ticker": "META",
  "quarters": [
    {
      "date": "2025-07-28",
      "quarter": "Q3 2025",
      "revenue": 115533991654.51845,
      "earnings": 5847514551.523523,
      "eps_actual": 1.6970063988605373,
      "eps_estimate": 1.6670777450006309,
      "surprise_percent": 1.7952764320475691,
      "price_on_date": 52.162383904514286,
      "revenue_growth": -13.780354641977338,
      "earnings_growth": -15.092404804541045
    },
    {
      "date": "2025-04-29",
      "quarter": "Q2 2025",
      "revenue": 109757292071.79253,
      "earnings": 5555138823.947347,
      "eps_actual": 1.6121560789175102,
      "eps_estimate": 1.558131492795988,
      "surprise_percent": 3.46726745279873,
      "price_on_date": 48.33485449383875,
      "revenue_growth": -15.708285958961122,
      "earnings_growth": -12.378314383675782
    },
    {
      "date": "2025-01-29",
      "quarter": "Q1 2025",
      "revenue": 104269427468.2029,
      "earnings": 5277381882.74998,
      "eps_actual": 1.531548274971635,
      "eps_estimate": 1.4566745959389258,
      "surprise_percent": 5.140041519324223,
      "price_on_date": 47.0426840979023,
      "revenue_growth": -15.062321777579537,
      "earnings_growth": -13.73234029219346
    },
    {
      "date": "2024-10-31",
      "quarter": "Q4 2024",
      "revenue": 99055956094.79274,
      "earnings": 5013512788.61248,
      "eps_actual": 1.454970861223053,
      "eps_estimate": 1.4615716852976575,
      "surprise_percent": -0.4516250650586597,
      "price_on_date": 43.314180888100246,
      "revenue_growth": -17.50613410128313,
      "earnings_growth": -13.36585515607007
    },
    {
      "date": "2024-08-02",
      "quarter": "Q3 2024",
      "revenue": 94103158290.0531,
      "earnings": 4762837149.181856,
      "eps_actual": 1.3822223181619004,
      "eps_estimate": 1.3188234377349621,
      "surprise_percent": 4.807230339781032,
      "price_on_date": 38.327457574695224,
      "revenue_growth": -14.415446032259643,
      "earnings_growth": -12.322495682698362
    },
    {
      "date": "2024-05-04",
      "quarter": "Q2 2024",
      "revenue": 89398000375.55043,
      "earnings": 4524695291.722762,
      "eps_actual": 1.313111202253805,
      "eps_estimate": 1.3205155638151438,
      "surprise_percent": -0.5607174776453718,
      "price_on_date": 37.78294724214119,
      "revenue_growth": -16.8831125556438,
      "earnings_growth": -12.550473635034217
    },
    {
      "date": "2024-02-04",
      "quarter": "Q1 2024",
      "revenue": 84928100356.77292,
      "earnings": 4298460527.136624,
      "eps_actual": 1.247455642141115,
      "eps_estimate": 1.2361440480188697,
      "surprise_percent": 0.9150708722315977,
      "price_on_date": 35.17907251760729,
      "revenue_growth": -14.43335696653902,
      "earnings_growth": -15.522252278772422
    },
    {
      "date": "2023-11-06",
      "quarter": "Q4 2023",
      "revenue": 80681695338.93427,
      "earnings": 4083537500.7797933,
      "eps_actual": 1.185082860034059,
      "eps_estimate": 1.1797158152903813,
      "surprise_percent": 0.45494386649014296,
      "price_on_date": 35.93617671035639,
      "revenue_growth": -14.618655896841968,
      "earnings_growth": -13.305627959789593
    }
  ],
  "metrics": {
    "revenue_trend": [
      {
        "date": "2025-07-28",
        "value": 115533991654.51845
      },
      {
        "date": "2025-04-29",
        "value": 109757292071.79253
      },
      {
        "date": "2025-01-29",
        "value": 104269427468.2029
      },
      {
        "date": "2024-10-31",
        "value": 99055956094.79274
      },
      {
        "date": "2024-08-02",
        "value": 94103158290.0531
      },
      {
        "date": "2024-05-04",
        "value": 89398000375.55043
      },
      {
        "date": "2024-02-04",
        "value": 84928100356.77292
      },
      {
        "date": "2023-11-06",
        "value": 80681695338.93427
      }
    ],
    "eps_trend": [
      {
        "date": "2025-07-28",
        "value": 1.6970063988605373
      },
      {
        "date": "2025-04-29",
        "value": 1.6121560789175102
      },
      {
        "date": "2025-01-29",
        "value": 1.531548274971635
      },
      {
        "date": "2024-10-31",
        "value": 1.454970861223053
      },
      {
        "date": "2024-08-02",
        "value": 1.3822223181619004
      },
      {
        "date": "2024-05-04",
        "value": 1.313111202253805
      },
      {
        "date": "2024-02-04",
        "value": 1.247455642141115
      },
      {
        "date": "2023-11-06",
        "value": 1.185082860034059
      }
    ],
    "earnings_dates": [
      "2025-07-28",
      "2025-04-29",
      "2025-01-29",
      "2024-10-31",
      "2024-08-02",
      "2024-05-04",
      "2024-02-04",
      "2023-11-06"
    ]
  },
  "analysis": {
    "avg_revenue_growth": -15.514274119950281,
    "avg_earnings_surprise": 2.487740084777966,
    "consistency_score": 89,
    "trend_direction": "declining"
  }
}