{
  "ticker": "MGM",
  "quarters": [
    {
      "date": "2025-07-28",
      "quarter": "Q3 2025",
      "revenue": 67517406.31250554,
      "earnings": 18864660.044568848,
      "eps_actual": 0.005086107346085993,
      "eps_estimate": 0.004989627440646979,
      "surprise_percent": 1.9336094044429029,
      "price_on_date": 0.310023240243252,
      "revenue_growth": 18.01804444697673,
      "earnings_growth": 22.886938720895156
    },
    {
      "date": "2025-04-29",
      "quarter": "Q2 2025",
      "revenue": 64141535.99688026,
      "earnings": 17921427.042340405,
      "eps_actual": 0.004831801978781693,
      "eps_estimate": 0.0049238242387593684,
      "surprise_percent": -1.8689184567819144,
      "price_on_date": 0.3138909162013236,
      "revenue_growth": 20.761758000125866,
      "earnings_growth": 23.896107904364566
    },
    {
      "date": "2025-01-29",
      "quarter": "Q1 2025",
      "revenue": 60934459.19703625,
      "earnings": 17025355.690223385,
      "eps_actual": 0.004590211879842608,
      "eps_estimate": 0.004508275585229754,
      "surprise_percent": 1.817464195873417,
      "price_on_date": 0.2741107471479648,
      "revenue_growth": 19.43351183352823,
      "earnings_growth": 14.113293978122092
    },
    {
      "date": "2024-10-31",
      "quarter": "Q4 2024",
      "revenue": 57887736.237184435,
      "earnings": 16174087.905712215,
      "eps_actual": 0.004360701285850478,
      "eps_estimate": 0.004389387101377674,
      "surprise_percent": -0.6535266738764773,
      "price_on_date": 0.24912086804497405,
      "revenue_growth": 21.67790977577339,
      "earnings_growth": 17.627018560076174
    },
    {
      "date": "2024-08-02",
      "quarter": "Q3 2024",
      "revenue": 54993349.42532521,
      "earnings": 15365383.510426603,
      "eps_actual": 0.004142666221557953,
      "eps_estimate": 0.003942006161898158,
      "surprise_percent": 5.090303044152864,
      "price_on_date": 0.24343079092481848,
      "revenue_growth": 22.40415167946513,
      "earnings_growth": 22.0140784123022
    },
    {
      "date": "2024-05-04",
      "quarter": "Q2 2024",
      "revenue": 52243681.95405894,
      "earnings": 14597114.33490527,
      "eps_actual": 0.003935532910480055,
      "eps_estimate": 0.0037483477653603068,
      "surprise_percent": 4.993804119499983,
      "price_on_date": 0.25272457390591235,
      "revenue_growth": 19.081033665617802,
      "earnings_growth": 23.52435744231184
    },
    {
      "date": "2024-02-04",
      "quarter": "Q1 2024",
      "revenue": 49631497.856355995,
      "earnings": 13867258.618160008,
      "eps_actual": 0.0037387562649560525,
      "eps_estimate": 0.0036704719821123405,
      "surprise_percent": 1.860367908445789,
      "price_on_date": 0.22568142718930206,
      "revenue_growth": 21.465803262513298,
      "earnings_growth": 18.00796206682428
    },
    {
      "date": "2023-11-06",
      "quarter": "Q4 2023",
      "revenue": 47149922.96353819,
      "earnings": 13173895.687252007,
      "eps_actual": 0.00355181845170825,
      "eps_estimate": 0.0035613227527415358,
      "surprise_percent": -0.26687558789692695,
      "price_on_date": 0.22694939267676717,
      "revenue_growth": 22.036371272709243,
      "earnings_growth": 19.41457828857483
    }
  ],
  "metrics": {
    "revenue_trend": [
      {
        "date": "2025-07-28",
        "value": 67517406.31250554
      },
      {
        "date": "2025-04-29",
        "value": 64141535.99688026
      },
      {
        "date": "2025-01-29",
        "value": 60934459.19703625
      },
      {
        "date": "2024-10-31",
        "value": 57887736.237184435
      },
      {
        "date": "2024-08-02",
        "value": 54993349.42532521
      },
      {
        "date": "2024-05-04",
        "value": 52243681.95405894
      },
      {
        "date": "2024-02-04",
        "value": 49631497.856355995
      },
      {
        "date": "2023-11-06",
        "value": 47149922.96353819
      }
    ],
    "eps_trend": [
      {
        "date": "2025-07-28",
        "value": 0.005086107346085993
      },
      {
        "date": "2025-04-29",
        "value": 0.004831801978781693
      },
      {
        "date": "2025-01-29",
        "value": 0.004590211879842608
      },
      {
        "date": "2024-10-31",
        "value": 0.004360701285850478
      },
      {
        "date": "2024-08-02",
        "value": 0.004142666221557953
      },
      {
        "date": "2024-05-04",
        "value": 0.003935532910480055
      },
      {
        "date": "2024-02-04",
        "value": 0.0037387562649560525
      },
      {
        "date": "2023-11-06",
        "value": 0.00355181845170825
      }
    ],
    "earnings_dates": [
      "2025-07-28",
      "2025-04-29",
      "2025-01-29",
      "2024-10-31",
      "2024-08-02",
      "2024-05-04",
      "2024-02-04",
      "2023-11-06"
    ]
  },
  "analysis": {
    "avg_revenue_growth": 19.972806014101053,
    "avg_earnings_surprise": 0.30715711741448204,
    "consistency_score": 92,
    "trend_direction": "growing"
  }
}