{
  "ticker": "MHK",
  "quarters": [
    {
      "date": "2025-07-28",
      "quarter": "Q3 2025",
      "revenue": 110430645.60595196,
      "earnings": 35966434.05618319,
      "eps_actual": 0.007278052714100425,
      "eps_estimate": 0.007359451595128681,
      "surprise_percent": -1.1060454705909788,
      "price_on_date": 0.17499521979644797,
      "revenue_growth": 23.54454832048184,
      "earnings_growth": 22.175479390349057
    },
    {
      "date": "2025-04-29",
      "quarter": "Q2 2025",
      "revenue": 104909113.32565436,
      "earnings": 34168112.35337403,
      "eps_actual": 0.006914150078395403,
      "eps_estimate": 0.006833018697840084,
      "surprise_percent": 1.1873431662197054,
      "price_on_date": 0.15392918340223086,
      "revenue_growth": 24.56935880778787,
      "earnings_growth": 20.627219258401038
    },
    {
      "date": "2025-01-29",
      "quarter": "Q1 2025",
      "revenue": 99663657.65937164,
      "earnings": 32459706.735705327,
      "eps_actual": 0.006568442574475633,
      "eps_estimate": 0.006323926750333451,
      "surprise_percent": 3.8665189176849415,
      "price_on_date": 0.15033475945248997,
      "revenue_growth": 22.79236861216767,
      "earnings_growth": 25.8765250495926
    },
    {
      "date": "2024-10-31",
      "quarter": "Q4 2024",
      "revenue": 94680474.77640305,
      "earnings": 30836721.39892006,
      "eps_actual": 0.006240020445751851,
      "eps_estimate": 0.006184013002747462,
      "surprise_percent": 0.9056811972986701,
      "price_on_date": 0.15364931240840637,
      "revenue_growth": 16.64797917819903,
      "earnings_growth": 17.26170017794721
    },
    {
      "date": "2024-08-02",
      "quarter": "Q3 2024",
      "revenue": 89946451.0375829,
      "earnings": 29294885.328974057,
      "eps_actual": 0.005928019423464258,
      "eps_estimate": 0.005868612422475936,
      "surprise_percent": 1.0122835980921503,
      "price_on_date": 0.1300224024554413,
      "revenue_growth": 21.0102607484989,
      "earnings_growth": 18.366191946694293
    },
    {
      "date": "2024-05-04",
      "quarter": "Q2 2024",
      "revenue": 85449128.48570374,
      "earnings": 27830141.062525347,
      "eps_actual": 0.005631618452291044,
      "eps_estimate": 0.00570088311090381,
      "surprise_percent": -1.214981210196837,
      "price_on_date": 0.12704367469788413,
      "revenue_growth": 19.469641838111162,
      "earnings_growth": 25.41596042409375
    },
    {
      "date": "2024-02-04",
      "quarter": "Q1 2024",
      "revenue": 81176672.06141856,
      "earnings": 26438634.009399083,
      "eps_actual": 0.005350037529676492,
      "eps_estimate": 0.00533622547329357,
      "surprise_percent": 0.2588356967307274,
      "price_on_date": 0.13097428913214304,
      "revenue_growth": 16.829085403266284,
      "earnings_growth": 24.499941738997705
    },
    {
      "date": "2023-11-06",
      "quarter": "Q4 2023",
      "revenue": 77117838.45834762,
      "earnings": 25116702.308929123,
      "eps_actual": 0.005082535653192667,
      "eps_estimate": 0.0051320484854298545,
      "surprise_percent": -0.9647771718789734,
      "price_on_date": 0.11185785316763029,
      "revenue_growth": 20.462512901673314,
      "earnings_growth": 24.33862474515817
    }
  ],
  "metrics": {
    "revenue_trend": [
      {
        "date": "2025-07-28",
        "value": 110430645.60595196
      },
      {
        "date": "2025-04-29",
        "value": 104909113.32565436
      },
      {
        "date": "2025-01-29",
        "value": 99663657.65937164
      },
      {
        "date": "2024-10-31",
        "value": 94680474.77640305
      },
      {
        "date": "2024-08-02",
        "value": 89946451.0375829
      },
      {
        "date": "2024-05-04",
        "value": 85449128.48570374
      },
      {
        "date": "2024-02-04",
        "value": 81176672.06141856
      },
      {
        "date": "2023-11-06",
        "value": 77117838.45834762
      }
    ],
    "eps_trend": [
      {
        "date": "2025-07-28",
        "value": 0.007278052714100425
      },
      {
        "date": "2025-04-29",
        "value": 0.006914150078395403
      },
      {
        "date": "2025-01-29",
        "value": 0.006568442574475633
      },
      {
        "date": "2024-10-31",
        "value": 0.006240020445751851
      },
      {
        "date": "2024-08-02",
        "value": 0.005928019423464258
      },
      {
        "date": "2024-05-04",
        "value": 0.005631618452291044
      },
      {
        "date": "2024-02-04",
        "value": 0.005350037529676492
      },
      {
        "date": "2023-11-06",
        "value": 0.005082535653192667
      }
    ],
    "earnings_dates": [
      "2025-07-28",
      "2025-04-29",
      "2025-01-29",
      "2024-10-31",
      "2024-08-02",
      "2024-05-04",
      "2024-02-04",
      "2023-11-06"
    ]
  },
  "analysis": {
    "avg_revenue_growth": 21.888563729659104,
    "avg_earnings_surprise": 1.2133744526530845,
    "consistency_score": 82,
    "trend_direction": "growing"
  }
}