{
  "ticker": "MKC",
  "quarters": [
    {
      "date": "2025-07-28",
      "quarter": "Q3 2025",
      "revenue": 123462855.13918321,
      "earnings": 29098974.220256913,
      "eps_actual": 0.024306583578723184,
      "eps_estimate": 0.02356526611899505,
      "surprise_percent": 3.145805593642691,
      "price_on_date": 0.7171713098960314,
      "revenue_growth": -19.673694840545185,
      "earnings_growth": -17.68726846380501
    },
    {
      "date": "2025-04-29",
      "quarter": "Q2 2025",
      "revenue": 117289712.38222404,
      "earnings": 27644025.509244066,
      "eps_actual": 0.023091254399787025,
      "eps_estimate": 0.022343697716137152,
      "surprise_percent": 3.345716063415813,
      "price_on_date": 0.7645529311231054,
      "revenue_growth": -16.273412428897053,
      "earnings_growth": -16.139682058942913
    },
    {
      "date": "2025-01-29",
      "quarter": "Q1 2025",
      "revenue": 111425226.76311284,
      "earnings": 26261824.233781863,
      "eps_actual": 0.021936691679797674,
      "eps_estimate": 0.022129363472222063,
      "surprise_percent": -0.8706612490966591,
      "price_on_date": 0.6847235148131101,
      "revenue_growth": -14.570048457824319,
      "earnings_growth": -13.335879547569737
    },
    {
      "date": "2024-10-31",
      "quarter": "Q4 2024",
      "revenue": 105853965.42495719,
      "earnings": 24948733.022092767,
      "eps_actual": 0.02083985709580779,
      "eps_estimate": 0.020445463756616846,
      "surprise_percent": 1.9290016792272733,
      "price_on_date": 0.6975533868071305,
      "revenue_growth": -16.599021698596953,
      "earnings_growth": -18.905487814839468
    },
    {
      "date": "2024-08-02",
      "quarter": "Q3 2024",
      "revenue": 100561267.15370932,
      "earnings": 23701296.370988127,
      "eps_actual": 0.019797864241017395,
      "eps_estimate": 0.02003744385291013,
      "surprise_percent": -1.195659554439322,
      "price_on_date": 0.6359583425711844,
      "revenue_growth": -15.247725729695803,
      "earnings_growth": -13.299304443660295
    },
    {
      "date": "2024-05-04",
      "quarter": "Q2 2024",
      "revenue": 95533203.79602385,
      "earnings": 22516231.552438717,
      "eps_actual": 0.018807971028966523,
      "eps_estimate": 0.018492458016206654,
      "surprise_percent": 1.7061713076939593,
      "price_on_date": 0.5624760672746796,
      "revenue_growth": -18.47706893913762,
      "earnings_growth": -16.739687477535444
    },
    {
      "date": "2024-02-04",
      "quarter": "Q1 2024",
      "revenue": 90756543.60622266,
      "earnings": 21390419.974816784,
      "eps_actual": 0.0178675724775182,
      "eps_estimate": 0.017852980669943726,
      "surprise_percent": 0.08173317298796955,
      "price_on_date": 0.6107857101419893,
      "revenue_growth": -16.314513845443884,
      "earnings_growth": -14.719813294856474
    },
    {
      "date": "2023-11-06",
      "quarter": "Q4 2023",
      "revenue": 86218716.42591152,
      "earnings": 20320898.97607594,
      "eps_actual": 0.016974193853642287,
      "eps_estimate": 0.016317098021407603,
      "surprise_percent": 4.0270385786283285,
      "price_on_date": 0.5358598282654551,
      "revenue_growth": -13.671592421553743,
      "earnings_growth": -19.845400131948995
    }
  ],
  "metrics": {
    "revenue_trend": [
      {
        "date": "2025-07-28",
        "value": 123462855.13918321
      },
      {
        "date": "2025-04-29",
        "value": 117289712.38222404
      },
      {
        "date": "2025-01-29",
        "value": 111425226.76311284
      },
      {
        "date": "2024-10-31",
        "value": 105853965.42495719
      },
      {
        "date": "2024-08-02",
        "value": 100561267.15370932
      },
      {
        "date": "2024-05-04",
        "value": 95533203.79602385
      },
      {
        "date": "2024-02-04",
        "value": 90756543.60622266
      },
      {
        "date": "2023-11-06",
        "value": 86218716.42591152
      }
    ],
    "eps_trend": [
      {
        "date": "2025-07-28",
        "value": 0.024306583578723184
      },
      {
        "date": "2025-04-29",
        "value": 0.023091254399787025
      },
      {
        "date": "2025-01-29",
        "value": 0.021936691679797674
      },
      {
        "date": "2024-10-31",
        "value": 0.02083985709580779
      },
      {
        "date": "2024-08-02",
        "value": 0.019797864241017395
      },
      {
        "date": "2024-05-04",
        "value": 0.018807971028966523
      },
      {
        "date": "2024-02-04",
        "value": 0.0178675724775182
      },
      {
        "date": "2023-11-06",
        "value": 0.016974193853642287
      }
    ],
    "earnings_dates": [
      "2025-07-28",
      "2025-04-29",
      "2025-01-29",
      "2024-10-31",
      "2024-08-02",
      "2024-05-04",
      "2024-02-04",
      "2023-11-06"
    ]
  },
  "analysis": {
    "avg_revenue_growth": -16.779044356465878,
    "avg_earnings_surprise": 1.8874655217972796,
    "consistency_score": 95,
    "trend_direction": "declining"
  }
}