{
  "ticker": "MKTX",
  "quarters": [
    {
      "date": "2025-07-28",
      "quarter": "Q3 2025",
      "revenue": 115464464.87095967,
      "earnings": 32432341.68117733,
      "eps_actual": 0.006875202185108117,
      "eps_estimate": 0.006597561728866674,
      "surprise_percent": 4.208228246302987,
      "price_on_date": 0.33717131684781126,
      "revenue_growth": -20.53383496391423,
      "earnings_growth": -14.82822494124917
    },
    {
      "date": "2025-04-29",
      "quarter": "Q2 2025",
      "revenue": 109691241.62741168,
      "earnings": 30810724.597118463,
      "eps_actual": 0.0065314420758527105,
      "eps_estimate": 0.006289663755299494,
      "surprise_percent": 3.844057964934945,
      "price_on_date": 0.3358034831397497,
      "revenue_growth": -16.631687654203827,
      "earnings_growth": -15.606160322475557
    },
    {
      "date": "2025-01-29",
      "quarter": "Q1 2025",
      "revenue": 104206679.5460411,
      "earnings": 29270188.367262542,
      "eps_actual": 0.006204869972060076,
      "eps_estimate": 0.006163417624335848,
      "surprise_percent": 0.6725545833622568,
      "price_on_date": 0.28119497128734855,
      "revenue_growth": -16.935038781218136,
      "earnings_growth": -15.212802017708462
    },
    {
      "date": "2024-10-31",
      "quarter": "Q4 2024",
      "revenue": 98996345.56873903,
      "earnings": 27806678.948899407,
      "eps_actual": 0.0058946264734570705,
      "eps_estimate": 0.005868820290442852,
      "surprise_percent": 0.43971670177467326,
      "price_on_date": 0.28199716401690306,
      "revenue_growth": -18.597685388300516,
      "earnings_growth": -19.62480915600806
    },
    {
      "date": "2024-08-02",
      "quarter": "Q3 2024",
      "revenue": 94046528.29030208,
      "earnings": 26416345.00145444,
      "eps_actual": 0.005599895149784217,
      "eps_estimate": 0.005327854395125871,
      "surprise_percent": 5.106009558129426,
      "price_on_date": 0.2795491678412223,
      "revenue_growth": -20.659618224776555,
      "earnings_growth": -16.975644381825184
    },
    {
      "date": "2024-05-04",
      "quarter": "Q2 2024",
      "revenue": 89344201.87578696,
      "earnings": 25095527.751381714,
      "eps_actual": 0.005319900392295005,
      "eps_estimate": 0.005138301829836392,
      "surprise_percent": 3.534213607385451,
      "price_on_date": 0.28301061085240464,
      "revenue_growth": -19.49195770040637,
      "earnings_growth": -13.211680405420452
    },
    {
      "date": "2024-02-04",
      "quarter": "Q1 2024",
      "revenue": 84876991.78199762,
      "earnings": 23840751.36381263,
      "eps_actual": 0.005053905372680256,
      "eps_estimate": 0.005107753971103885,
      "surprise_percent": -1.0542520005518576,
      "price_on_date": 0.23281402372608725,
      "revenue_growth": -16.730826778494695,
      "earnings_growth": -13.026435834663676
    },
    {
      "date": "2023-11-06",
      "quarter": "Q4 2023",
      "revenue": 80633142.19289772,
      "earnings": 22648713.795621995,
      "eps_actual": 0.004801210104046242,
      "eps_estimate": 0.004873036423654624,
      "surprise_percent": -1.473954088660689,
      "price_on_date": 0.21417495477855142,
      "revenue_growth": -15.604002967218495,
      "earnings_growth": -13.749332284693129
    }
  ],
  "metrics": {
    "revenue_trend": [
      {
        "date": "2025-07-28",
        "value": 115464464.87095967
      },
      {
        "date": "2025-04-29",
        "value": 109691241.62741168
      },
      {
        "date": "2025-01-29",
        "value": 104206679.5460411
      },
      {
        "date": "2024-10-31",
        "value": 98996345.56873903
      },
      {
        "date": "2024-08-02",
        "value": 94046528.29030208
      },
      {
        "date": "2024-05-04",
        "value": 89344201.87578696
      },
      {
        "date": "2024-02-04",
        "value": 84876991.78199762
      },
      {
        "date": "2023-11-06",
        "value": 80633142.19289772
      }
    ],
    "eps_trend": [
      {
        "date": "2025-07-28",
        "value": 0.006875202185108117
      },
      {
        "date": "2025-04-29",
        "value": 0.0065314420758527105
      },
      {
        "date": "2025-01-29",
        "value": 0.006204869972060076
      },
      {
        "date": "2024-10-31",
        "value": 0.0058946264734570705
      },
      {
        "date": "2024-08-02",
        "value": 0.005599895149784217
      },
      {
        "date": "2024-05-04",
        "value": 0.005319900392295005
      },
      {
        "date": "2024-02-04",
        "value": 0.005053905372680256
      },
      {
        "date": "2023-11-06",
        "value": 0.004801210104046242
      }
    ],
    "earnings_dates": [
      "2025-07-28",
      "2025-04-29",
      "2025-01-29",
      "2024-10-31",
      "2024-08-02",
      "2024-05-04",
      "2024-02-04",
      "2023-11-06"
    ]
  },
  "analysis": {
    "avg_revenue_growth": -18.17456169690918,
    "avg_earnings_surprise": 2.2911393740937154,
    "consistency_score": 64,
    "trend_direction": "declining"
  }
}