{
  "ticker": "MLM",
  "quarters": [
    {
      "date": "2025-07-28",
      "quarter": "Q3 2025",
      "revenue": 76688050.09445193,
      "earnings": 21476711.825973164,
      "eps_actual": 0.06214681289780026,
      "eps_estimate": 0.05923924741006438,
      "surprise_percent": 4.908174250778721,
      "price_on_date": 2.734118778360676,
      "revenue_growth": 19.27033665041858,
      "earnings_growth": 18.046164829979418
    },
    {
      "date": "2025-04-29",
      "quarter": "Q2 2025",
      "revenue": 72853647.58972934,
      "earnings": 20402876.234674506,
      "eps_actual": 0.059039472252910244,
      "eps_estimate": 0.059471821675351234,
      "surprise_percent": -0.7269819727418616,
      "price_on_date": 2.6248787578151807,
      "revenue_growth": 21.79125075805386,
      "earnings_growth": 17.63608963541789
    },
    {
      "date": "2025-01-29",
      "quarter": "Q1 2025",
      "revenue": 69210965.21024287,
      "earnings": 19382732.42294078,
      "eps_actual": 0.05608749864026473,
      "eps_estimate": 0.05419175912338809,
      "surprise_percent": 3.498206272581536,
      "price_on_date": 2.5742045107223612,
      "revenue_growth": 21.909692813385686,
      "earnings_growth": 15.886065067942534
    },
    {
      "date": "2024-10-31",
      "quarter": "Q4 2024",
      "revenue": 65750416.94973072,
      "earnings": 18413595.80179374,
      "eps_actual": 0.05328312370825149,
      "eps_estimate": 0.0513934499863199,
      "surprise_percent": 3.676876571692669,
      "price_on_date": 2.5234874715444167,
      "revenue_growth": 22.77578870159395,
      "earnings_growth": 18.547927150854047
    },
    {
      "date": "2024-08-02",
      "quarter": "Q3 2024",
      "revenue": 62462896.10224418,
      "earnings": 17492916.011704054,
      "eps_actual": 0.05061896752283892,
      "eps_estimate": 0.05077843331594803,
      "surprise_percent": -0.31404236542096514,
      "price_on_date": 2.1337945316974074,
      "revenue_growth": 19.708428365467583,
      "earnings_growth": 25.27936368705003
    },
    {
      "date": "2024-05-04",
      "quarter": "Q2 2024",
      "revenue": 59339751.29713196,
      "earnings": 16618270.211118847,
      "eps_actual": 0.04808801914669696,
      "eps_estimate": 0.04571562602914738,
      "surprise_percent": 5.189457792915251,
      "price_on_date": 2.2202871400431743,
      "revenue_growth": 20.063948061060778,
      "earnings_growth": 24.784948524782987
    },
    {
      "date": "2024-02-04",
      "quarter": "Q1 2024",
      "revenue": 56372763.73227537,
      "earnings": 15787356.700562906,
      "eps_actual": 0.04568361818936212,
      "eps_estimate": 0.0455499892770749,
      "surprise_percent": 0.29336760426961617,
      "price_on_date": 2.100742396828965,
      "revenue_growth": 26.379947106940886,
      "earnings_growth": 16.556550277510638
    },
    {
      "date": "2023-11-06",
      "quarter": "Q4 2023",
      "revenue": 53554125.54566159,
      "earnings": 14997988.865534758,
      "eps_actual": 0.043399437279894,
      "eps_estimate": 0.04366573518759498,
      "surprise_percent": -0.6098555459032515,
      "price_on_date": 1.9643163471960492,
      "revenue_growth": 18.628786706605325,
      "earnings_growth": 25.62189845669279
    }
  ],
  "metrics": {
    "revenue_trend": [
      {
        "date": "2025-07-28",
        "value": 76688050.09445193
      },
      {
        "date": "2025-04-29",
        "value": 72853647.58972934
      },
      {
        "date": "2025-01-29",
        "value": 69210965.21024287
      },
      {
        "date": "2024-10-31",
        "value": 65750416.94973072
      },
      {
        "date": "2024-08-02",
        "value": 62462896.10224418
      },
      {
        "date": "2024-05-04",
        "value": 59339751.29713196
      },
      {
        "date": "2024-02-04",
        "value": 56372763.73227537
      },
      {
        "date": "2023-11-06",
        "value": 53554125.54566159
      }
    ],
    "eps_trend": [
      {
        "date": "2025-07-28",
        "value": 0.06214681289780026
      },
      {
        "date": "2025-04-29",
        "value": 0.059039472252910244
      },
      {
        "date": "2025-01-29",
        "value": 0.05608749864026473
      },
      {
        "date": "2024-10-31",
        "value": 0.05328312370825149
      },
      {
        "date": "2024-08-02",
        "value": 0.05061896752283892
      },
      {
        "date": "2024-05-04",
        "value": 0.04808801914669696
      },
      {
        "date": "2024-02-04",
        "value": 0.04568361818936212
      },
      {
        "date": "2023-11-06",
        "value": 0.043399437279894
      }
    ],
    "earnings_dates": [
      "2025-07-28",
      "2025-04-29",
      "2025-01-29",
      "2024-10-31",
      "2024-08-02",
      "2024-05-04",
      "2024-02-04",
      "2023-11-06"
    ]
  },
  "analysis": {
    "avg_revenue_growth": 21.43676723086302,
    "avg_earnings_surprise": 2.839068780577766,
    "consistency_score": 83,
    "trend_direction": "growing"
  }
}