{
  "ticker": "MMC",
  "quarters": [
    {
      "date": "2025-07-28",
      "quarter": "Q3 2025",
      "revenue": 14314366.207343057,
      "earnings": 654490.936582836,
      "eps_actual": 0.00019919107383228714,
      "eps_estimate": 0.00019216552815250028,
      "surprise_percent": 3.6559864546629144,
      "price_on_date": 0.3071172941329274,
      "revenue_growth": 26.526313265803598,
      "earnings_growth": 21.633041944081825
    },
    {
      "date": "2025-04-29",
      "quarter": "Q2 2025",
      "revenue": 13598647.896975903,
      "earnings": 621766.3897536941,
      "eps_actual": 0.00018923152014067274,
      "eps_estimate": 0.000188421996013545,
      "surprise_percent": 0.4296335588492249,
      "price_on_date": 0.28330465766463186,
      "revenue_growth": 27.445278434375084,
      "earnings_growth": 27.75516884702836
    },
    {
      "date": "2025-01-29",
      "quarter": "Q1 2025",
      "revenue": 12918715.50212711,
      "earnings": 590678.0702660094,
      "eps_actual": 0.00017976994413363911,
      "eps_estimate": 0.00018032971504708726,
      "surprise_percent": -0.31041523761182466,
      "price_on_date": 0.2670575405515527,
      "revenue_growth": 21.04101161079112,
      "earnings_growth": 26.869674125164792
    },
    {
      "date": "2024-10-31",
      "quarter": "Q4 2024",
      "revenue": 12272779.727020752,
      "earnings": 561144.166752709,
      "eps_actual": 0.00017078144692695717,
      "eps_estimate": 0.00016645910342950944,
      "surprise_percent": 2.596639900369354,
      "price_on_date": 0.2527184586896147,
      "revenue_growth": 19.82326928070182,
      "earnings_growth": 29.085460069974143
    },
    {
      "date": "2024-08-02",
      "quarter": "Q3 2024",
      "revenue": 11659140.740669714,
      "earnings": 533086.9584150735,
      "eps_actual": 0.00016224237458060928,
      "eps_estimate": 0.000165167592667761,
      "surprise_percent": -1.77106055728249,
      "price_on_date": 0.28326012493892216,
      "revenue_growth": 27.935891717312476,
      "earnings_growth": 24.973966531865713
    },
    {
      "date": "2024-05-04",
      "quarter": "Q2 2024",
      "revenue": 11076183.703636227,
      "earnings": 506432.61049431976,
      "eps_actual": 0.00015413025585157882,
      "eps_estimate": 0.0001469815469046061,
      "surprise_percent": 4.863677854480858,
      "price_on_date": 0.24024277321132556,
      "revenue_growth": 24.5377167991746,
      "earnings_growth": 16.790800621130956
    },
    {
      "date": "2024-02-04",
      "quarter": "Q1 2024",
      "revenue": 10522374.518454416,
      "earnings": 481110.97996960377,
      "eps_actual": 0.00014642374305899987,
      "eps_estimate": 0.00014552816652497184,
      "surprise_percent": 0.6153973869205308,
      "price_on_date": 0.2398989063472061,
      "revenue_growth": 22.037632502764993,
      "earnings_growth": 17.795939360608692
    },
    {
      "date": "2023-11-06",
      "quarter": "Q4 2023",
      "revenue": 9996255.792531693,
      "earnings": 457055.4309711235,
      "eps_actual": 0.00013910255590604987,
      "eps_estimate": 0.0001341305142811172,
      "surprise_percent": 3.7068683823220336,
      "price_on_date": 0.2009754462990444,
      "revenue_growth": 26.83516490169843,
      "earnings_growth": 26.058964569017082
    }
  ],
  "metrics": {
    "revenue_trend": [
      {
        "date": "2025-07-28",
        "value": 14314366.207343057
      },
      {
        "date": "2025-04-29",
        "value": 13598647.896975903
      },
      {
        "date": "2025-01-29",
        "value": 12918715.50212711
      },
      {
        "date": "2024-10-31",
        "value": 12272779.727020752
      },
      {
        "date": "2024-08-02",
        "value": 11659140.740669714
      },
      {
        "date": "2024-05-04",
        "value": 11076183.703636227
      },
      {
        "date": "2024-02-04",
        "value": 10522374.518454416
      },
      {
        "date": "2023-11-06",
        "value": 9996255.792531693
      }
    ],
    "eps_trend": [
      {
        "date": "2025-07-28",
        "value": 0.00019919107383228714
      },
      {
        "date": "2025-04-29",
        "value": 0.00018923152014067274
      },
      {
        "date": "2025-01-29",
        "value": 0.00017976994413363911
      },
      {
        "date": "2024-10-31",
        "value": 0.00017078144692695717
      },
      {
        "date": "2024-08-02",
        "value": 0.00016224237458060928
      },
      {
        "date": "2024-05-04",
        "value": 0.00015413025585157882
      },
      {
        "date": "2024-02-04",
        "value": 0.00014642374305899987
      },
      {
        "date": "2023-11-06",
        "value": 0.00013910255590604987
      }
    ],
    "earnings_dates": [
      "2025-07-28",
      "2025-04-29",
      "2025-01-29",
      "2024-10-31",
      "2024-08-02",
      "2024-05-04",
      "2024-02-04",
      "2023-11-06"
    ]
  },
  "analysis": {
    "avg_revenue_growth": 23.708968147917904,
    "avg_earnings_surprise": 1.5929611690674172,
    "consistency_score": 84,
    "trend_direction": "growing"
  }
}