{
  "ticker": "MMM",
  "quarters": [
    {
      "date": "2025-07-28",
      "quarter": "Q3 2025",
      "revenue": 1034881750.860682,
      "earnings": 33282888.3196086,
      "eps_actual": 0.02737552642595721,
      "eps_estimate": 0.0263683505863571,
      "surprise_percent": 3.8196391401183063,
      "price_on_date": 33.77651667449378,
      "revenue_growth": 42.377885601160955,
      "earnings_growth": 47.59643422265995
    },
    {
      "date": "2025-04-29",
      "quarter": "Q2 2025",
      "revenue": 983137663.3176478,
      "earnings": 31618743.903628167,
      "eps_actual": 0.02600675010465935,
      "eps_estimate": 0.024848703696928702,
      "surprise_percent": 4.660389619736105,
      "price_on_date": 33.87991658475202,
      "revenue_growth": 43.94046100720748,
      "earnings_growth": 47.26240629522923
    },
    {
      "date": "2025-01-29",
      "quarter": "Q1 2025",
      "revenue": 933980780.1517655,
      "earnings": 30037806.70844676,
      "eps_actual": 0.02470641259942638,
      "eps_estimate": 0.023913724144112244,
      "surprise_percent": 3.3147846422294007,
      "price_on_date": 28.977772352207303,
      "revenue_growth": 42.82642186946491,
      "earnings_growth": 28.230020326643523
    },
    {
      "date": "2024-10-31",
      "quarter": "Q4 2024",
      "revenue": 887281741.1441771,
      "earnings": 28535916.37302442,
      "eps_actual": 0.02347109196945506,
      "eps_estimate": 0.022618090917659078,
      "surprise_percent": 3.771322057645469,
      "price_on_date": 32.70241079863897,
      "revenue_growth": 44.17053901024925,
      "earnings_growth": 38.12581526897343
    },
    {
      "date": "2024-08-02",
      "quarter": "Q3 2024",
      "revenue": 842917654.0869683,
      "earnings": 27109120.554373197,
      "eps_actual": 0.022297537370982307,
      "eps_estimate": 0.021779614984836854,
      "surprise_percent": 2.378014425443401,
      "price_on_date": 26.699700004449543,
      "revenue_growth": 33.33263315075767,
      "earnings_growth": 43.15908518527375
    },
    {
      "date": "2024-05-04",
      "quarter": "Q2 2024",
      "revenue": 800771771.3826197,
      "earnings": 25753664.526654534,
      "eps_actual": 0.021182660502433188,
      "eps_estimate": 0.0209675207721362,
      "surprise_percent": 1.026061844101707,
      "price_on_date": 25.361673754284613,
      "revenue_growth": 44.94078819108361,
      "earnings_growth": 43.99328720001909
    },
    {
      "date": "2024-02-04",
      "quarter": "Q1 2024",
      "revenue": 760733182.8134887,
      "earnings": 24465981.300321806,
      "eps_actual": 0.02012352747731153,
      "eps_estimate": 0.020424771740504354,
      "surprise_percent": -1.474896596251438,
      "price_on_date": 23.16521280302582,
      "revenue_growth": 38.822662645209725,
      "earnings_growth": 42.74318101310775
    },
    {
      "date": "2023-11-06",
      "quarter": "Q4 2023",
      "revenue": 722696523.6728142,
      "earnings": 23242682.235305715,
      "eps_actual": 0.01911735110344595,
      "eps_estimate": 0.018769687668941434,
      "surprise_percent": 1.852260094235892,
      "price_on_date": 24.0467218667247,
      "revenue_growth": 37.714724538213744,
      "earnings_growth": 51.44582693132419
    }
  ],
  "metrics": {
    "revenue_trend": [
      {
        "date": "2025-07-28",
        "value": 1034881750.860682
      },
      {
        "date": "2025-04-29",
        "value": 983137663.3176478
      },
      {
        "date": "2025-01-29",
        "value": 933980780.1517655
      },
      {
        "date": "2024-10-31",
        "value": 887281741.1441771
      },
      {
        "date": "2024-08-02",
        "value": 842917654.0869683
      },
      {
        "date": "2024-05-04",
        "value": 800771771.3826197
      },
      {
        "date": "2024-02-04",
        "value": 760733182.8134887
      },
      {
        "date": "2023-11-06",
        "value": 722696523.6728142
      }
    ],
    "eps_trend": [
      {
        "date": "2025-07-28",
        "value": 0.02737552642595721
      },
      {
        "date": "2025-04-29",
        "value": 0.02600675010465935
      },
      {
        "date": "2025-01-29",
        "value": 0.02470641259942638
      },
      {
        "date": "2024-10-31",
        "value": 0.02347109196945506
      },
      {
        "date": "2024-08-02",
        "value": 0.022297537370982307
      },
      {
        "date": "2024-05-04",
        "value": 0.021182660502433188
      },
      {
        "date": "2024-02-04",
        "value": 0.02012352747731153
      },
      {
        "date": "2023-11-06",
        "value": 0.01911735110344595
      }
    ],
    "earnings_dates": [
      "2025-07-28",
      "2025-04-29",
      "2025-01-29",
      "2024-10-31",
      "2024-08-02",
      "2024-05-04",
      "2024-02-04",
      "2023-11-06"
    ]
  },
  "analysis": {
    "avg_revenue_growth": 43.32882687202065,
    "avg_earnings_surprise": 3.89153386493232,
    "consistency_score": 73,
    "trend_direction": "growing"
  }
}