{
  "ticker": "MNST",
  "quarters": [
    {
      "date": "2025-07-28",
      "quarter": "Q3 2025",
      "revenue": 38814307.786428444,
      "earnings": 6055871.156261915,
      "eps_actual": 0.0016091659182421426,
      "eps_estimate": 0.0016250582255977468,
      "surprise_percent": -0.9779531037885487,
      "price_on_date": 0.16901777120156172,
      "revenue_growth": 28.422888014397888,
      "earnings_growth": 19.181819307702877
    },
    {
      "date": "2025-04-29",
      "quarter": "Q2 2025",
      "revenue": 36873592.39710702,
      "earnings": 5753077.5984488195,
      "eps_actual": 0.0015287076223300354,
      "eps_estimate": 0.0015240330306126604,
      "surprise_percent": 0.30672509213897214,
      "price_on_date": 0.18369282469302203,
      "revenue_growth": 19.990070543236325,
      "earnings_growth": 22.508831113761048
    },
    {
      "date": "2025-01-29",
      "quarter": "Q1 2025",
      "revenue": 35029912.77725167,
      "earnings": 5465423.718526378,
      "eps_actual": 0.0014522722412135334,
      "eps_estimate": 0.0014065331840018291,
      "surprise_percent": 3.2519003271269282,
      "price_on_date": 0.159950117997281,
      "revenue_growth": 20.110134862709646,
      "earnings_growth": 23.098147002592373
    },
    {
      "date": "2024-10-31",
      "quarter": "Q4 2024",
      "revenue": 33278417.138389084,
      "earnings": 5192152.532600059,
      "eps_actual": 0.0013796586291528567,
      "eps_estimate": 0.0013605258286531743,
      "surprise_percent": 1.4062798439205353,
      "price_on_date": 0.1597948850222589,
      "revenue_growth": 23.65397118127878,
      "earnings_growth": 20.869367641429164
    },
    {
      "date": "2024-08-02",
      "quarter": "Q3 2024",
      "revenue": 31614496.28146963,
      "earnings": 4932544.905970056,
      "eps_actual": 0.0013106756976952137,
      "eps_estimate": 0.0012664872099081204,
      "surprise_percent": 3.4890591425948263,
      "price_on_date": 0.15256359641928424,
      "revenue_growth": 22.332106667316864,
      "earnings_growth": 22.752451659810564
    },
    {
      "date": "2024-05-04",
      "quarter": "Q2 2024",
      "revenue": 30033771.467396144,
      "earnings": 4685917.660671553,
      "eps_actual": 0.001245141912810453,
      "eps_estimate": 0.001264043023110395,
      "surprise_percent": -1.4952901091477475,
      "price_on_date": 0.1366491909679509,
      "revenue_growth": 25.951768510320658,
      "earnings_growth": 18.611676425182296
    },
    {
      "date": "2024-02-04",
      "quarter": "Q1 2024",
      "revenue": 28532082.894026335,
      "earnings": 4451621.777637974,
      "eps_actual": 0.0011828848171699302,
      "eps_estimate": 0.0011835858222218692,
      "surprise_percent": -0.05922722617807616,
      "price_on_date": 0.12158995644082102,
      "revenue_growth": 21.763875668570094,
      "earnings_growth": 24.324289470873136
    },
    {
      "date": "2023-11-06",
      "quarter": "Q4 2023",
      "revenue": 27105478.749325015,
      "earnings": 4229040.688756076,
      "eps_actual": 0.0011237405763114337,
      "eps_estimate": 0.0010882633006023116,
      "surprise_percent": 3.2599900859917637,
      "price_on_date": 0.11325441667829199,
      "revenue_growth": 25.152607888221954,
      "earnings_growth": 24.015266650661097
    }
  ],
  "metrics": {
    "revenue_trend": [
      {
        "date": "2025-07-28",
        "value": 38814307.786428444
      },
      {
        "date": "2025-04-29",
        "value": 36873592.39710702
      },
      {
        "date": "2025-01-29",
        "value": 35029912.77725167
      },
      {
        "date": "2024-10-31",
        "value": 33278417.138389084
      },
      {
        "date": "2024-08-02",
        "value": 31614496.28146963
      },
      {
        "date": "2024-05-04",
        "value": 30033771.467396144
      },
      {
        "date": "2024-02-04",
        "value": 28532082.894026335
      },
      {
        "date": "2023-11-06",
        "value": 27105478.749325015
      }
    ],
    "eps_trend": [
      {
        "date": "2025-07-28",
        "value": 0.0016091659182421426
      },
      {
        "date": "2025-04-29",
        "value": 0.0015287076223300354
      },
      {
        "date": "2025-01-29",
        "value": 0.0014522722412135334
      },
      {
        "date": "2024-10-31",
        "value": 0.0013796586291528567
      },
      {
        "date": "2024-08-02",
        "value": 0.0013106756976952137
      },
      {
        "date": "2024-05-04",
        "value": 0.001245141912810453
      },
      {
        "date": "2024-02-04",
        "value": 0.0011828848171699302
      },
      {
        "date": "2023-11-06",
        "value": 0.0011237405763114337
      }
    ],
    "earnings_dates": [
      "2025-07-28",
      "2025-04-29",
      "2025-01-29",
      "2024-10-31",
      "2024-08-02",
      "2024-05-04",
      "2024-02-04",
      "2023-11-06"
    ]
  },
  "analysis": {
    "avg_revenue_growth": 23.044266150405658,
    "avg_earnings_surprise": 0.9967380398494717,
    "consistency_score": 85,
    "trend_direction": "growing"
  }
}