{
  "ticker": "MO",
  "quarters": [
    {
      "date": "2025-07-28",
      "quarter": "Q3 2025",
      "revenue": 80100411.76707952,
      "earnings": 18144132.656029776,
      "eps_actual": 0.004176402943102689,
      "eps_estimate": 0.004071086220298202,
      "surprise_percent": 2.586944051427443,
      "price_on_date": 0.3622044037683784,
      "revenue_growth": -14.983467493927714,
      "earnings_growth": -11.958354590250561
    },
    {
      "date": "2025-04-29",
      "quarter": "Q2 2025",
      "revenue": 76095391.17872554,
      "earnings": 17236926.023228288,
      "eps_actual": 0.003967582795947554,
      "eps_estimate": 0.003783389148922242,
      "surprise_percent": 4.868482722105991,
      "price_on_date": 0.3958337570195682,
      "revenue_growth": -15.62655071400778,
      "earnings_growth": -16.045167343419976
    },
    {
      "date": "2025-01-29",
      "quarter": "Q1 2025",
      "revenue": 72290621.61978926,
      "earnings": 16375079.72206687,
      "eps_actual": 0.003769203656150176,
      "eps_estimate": 0.0037450566366008494,
      "surprise_percent": 0.6447704772562066,
      "price_on_date": 0.3745982887443798,
      "revenue_growth": -15.340949536746557,
      "earnings_growth": -15.942079031275249
    },
    {
      "date": "2024-10-31",
      "quarter": "Q4 2024",
      "revenue": 68676090.53879979,
      "earnings": 15556325.735963527,
      "eps_actual": 0.003580743473342667,
      "eps_estimate": 0.0036464489951075377,
      "surprise_percent": -1.801904314389919,
      "price_on_date": 0.3213016164186073,
      "revenue_growth": -14.88965956836323,
      "earnings_growth": -12.865949729335087
    },
    {
      "date": "2024-08-02",
      "quarter": "Q3 2024",
      "revenue": 65242286.011859804,
      "earnings": 14778509.44916535,
      "eps_actual": 0.0034017062996755335,
      "eps_estimate": 0.003304989238652602,
      "surprise_percent": 2.9263956412264074,
      "price_on_date": 0.3390985836860982,
      "revenue_growth": -13.678615111796326,
      "earnings_growth": -11.522914488094512
    },
    {
      "date": "2024-05-04",
      "quarter": "Q2 2024",
      "revenue": 61980171.7112668,
      "earnings": 14039583.97670708,
      "eps_actual": 0.0032316209846917567,
      "eps_estimate": 0.0031371190117270597,
      "surprise_percent": 3.012380869563229,
      "price_on_date": 0.3110798492127892,
      "revenue_growth": -12.86326492813623,
      "earnings_growth": -15.14207017185448
    },
    {
      "date": "2024-02-04",
      "quarter": "Q1 2024",
      "revenue": 58881163.12570346,
      "earnings": 13337604.777871726,
      "eps_actual": 0.003070039935457169,
      "eps_estimate": 0.003056489282706322,
      "surprise_percent": 0.4433404307195489,
      "price_on_date": 0.28201554783134153,
      "revenue_growth": -13.248283227598039,
      "earnings_growth": -10.258423963191778
    },
    {
      "date": "2023-11-06",
      "quarter": "Q4 2023",
      "revenue": 55937104.96941829,
      "earnings": 12670724.538978139,
      "eps_actual": 0.00291653793868431,
      "eps_estimate": 0.0028476545790163074,
      "surprise_percent": 2.41895067525351,
      "price_on_date": 0.24496854166398363,
      "revenue_growth": -15.585821232347811,
      "earnings_growth": -10.329227534997804
    }
  ],
  "metrics": {
    "revenue_trend": [
      {
        "date": "2025-07-28",
        "value": 80100411.76707952
      },
      {
        "date": "2025-04-29",
        "value": 76095391.17872554
      },
      {
        "date": "2025-01-29",
        "value": 72290621.61978926
      },
      {
        "date": "2024-10-31",
        "value": 68676090.53879979
      },
      {
        "date": "2024-08-02",
        "value": 65242286.011859804
      },
      {
        "date": "2024-05-04",
        "value": 61980171.7112668
      },
      {
        "date": "2024-02-04",
        "value": 58881163.12570346
      },
      {
        "date": "2023-11-06",
        "value": 55937104.96941829
      }
    ],
    "eps_trend": [
      {
        "date": "2025-07-28",
        "value": 0.004176402943102689
      },
      {
        "date": "2025-04-29",
        "value": 0.003967582795947554
      },
      {
        "date": "2025-01-29",
        "value": 0.003769203656150176
      },
      {
        "date": "2024-10-31",
        "value": 0.003580743473342667
      },
      {
        "date": "2024-08-02",
        "value": 0.0034017062996755335
      },
      {
        "date": "2024-05-04",
        "value": 0.0032316209846917567
      },
      {
        "date": "2024-02-04",
        "value": 0.003070039935457169
      },
      {
        "date": "2023-11-06",
        "value": 0.00291653793868431
      }
    ],
    "earnings_dates": [
      "2025-07-28",
      "2025-04-29",
      "2025-01-29",
      "2024-10-31",
      "2024-08-02",
      "2024-05-04",
      "2024-02-04",
      "2023-11-06"
    ]
  },
  "analysis": {
    "avg_revenue_growth": -15.21015682826132,
    "avg_earnings_surprise": 1.5745732340999306,
    "consistency_score": 91,
    "trend_direction": "declining"
  }
}