{
  "ticker": "MOH",
  "quarters": [
    {
      "date": "2025-07-28",
      "quarter": "Q3 2025",
      "revenue": 14946492.650431737,
      "earnings": 1129735.7488678172,
      "eps_actual": 0.0007928984383177282,
      "eps_estimate": 0.0008035681251055551,
      "surprise_percent": -1.3277887032198172,
      "price_on_date": 0.4313428063313106,
      "revenue_growth": -19.804295405848116,
      "earnings_growth": -14.048878164862462
    },
    {
      "date": "2025-04-29",
      "quarter": "Q2 2025",
      "revenue": 14199168.017910149,
      "earnings": 1073248.9614244262,
      "eps_actual": 0.0007532535164018417,
      "eps_estimate": 0.0007246394678185362,
      "surprise_percent": 3.9487289685511606,
      "price_on_date": 0.38288200038507536,
      "revenue_growth": -16.82056449731423,
      "earnings_growth": -15.900957005300294
    },
    {
      "date": "2025-01-29",
      "quarter": "Q1 2025",
      "revenue": 13489209.617014643,
      "earnings": 1019586.5133532049,
      "eps_actual": 0.0007155908405817496,
      "eps_estimate": 0.0006805278265543854,
      "surprise_percent": 5.1523262766334685,
      "price_on_date": 0.3966822739444718,
      "revenue_growth": -18.135672953762327,
      "earnings_growth": -13.307056486483487
    },
    {
      "date": "2024-10-31",
      "quarter": "Q4 2024",
      "revenue": 12814749.136163909,
      "earnings": 968607.1876855446,
      "eps_actual": 0.0006798112985526621,
      "eps_estimate": 0.0006727871587417001,
      "surprise_percent": 1.0440359509980943,
      "price_on_date": 0.3735238877913009,
      "revenue_growth": -17.54615176001948,
      "earnings_growth": -17.28562521131322
    },
    {
      "date": "2024-08-02",
      "quarter": "Q3 2024",
      "revenue": 12174011.679355713,
      "earnings": 920176.8283012673,
      "eps_actual": 0.000645820733625029,
      "eps_estimate": 0.0006577918427485768,
      "surprise_percent": -1.8198932162987385,
      "price_on_date": 0.35947187555746546,
      "revenue_growth": -20.703519190431525,
      "earnings_growth": -17.661813890529487
    },
    {
      "date": "2024-05-04",
      "quarter": "Q2 2024",
      "revenue": 11565311.095387926,
      "earnings": 874167.9868862039,
      "eps_actual": 0.0006135296969437775,
      "eps_estimate": 0.0006139907756868308,
      "surprise_percent": -0.07509538600763613,
      "price_on_date": 0.33034053153698995,
      "revenue_growth": -19.525024317275136,
      "earnings_growth": -19.4538861071799
    },
    {
      "date": "2024-02-04",
      "quarter": "Q1 2024",
      "revenue": 10987045.54061853,
      "earnings": 830459.5875418937,
      "eps_actual": 0.0005828532120965886,
      "eps_estimate": 0.000554614909326398,
      "surprise_percent": 5.091515264976771,
      "price_on_date": 0.2788040088276604,
      "revenue_growth": -14.923847476820216,
      "earnings_growth": -13.137425954483952
    },
    {
      "date": "2023-11-06",
      "quarter": "Q4 2023",
      "revenue": 10437693.263587601,
      "earnings": 788936.6081647988,
      "eps_actual": 0.0005537105514917591,
      "eps_estimate": 0.000531066215564076,
      "surprise_percent": 4.263938330859782,
      "price_on_date": 0.3086528593570815,
      "revenue_growth": -16.86369516939068,
      "earnings_growth": -18.018415879825508
    }
  ],
  "metrics": {
    "revenue_trend": [
      {
        "date": "2025-07-28",
        "value": 14946492.650431737
      },
      {
        "date": "2025-04-29",
        "value": 14199168.017910149
      },
      {
        "date": "2025-01-29",
        "value": 13489209.617014643
      },
      {
        "date": "2024-10-31",
        "value": 12814749.136163909
      },
      {
        "date": "2024-08-02",
        "value": 12174011.679355713
      },
      {
        "date": "2024-05-04",
        "value": 11565311.095387926
      },
      {
        "date": "2024-02-04",
        "value": 10987045.54061853
      },
      {
        "date": "2023-11-06",
        "value": 10437693.263587601
      }
    ],
    "eps_trend": [
      {
        "date": "2025-07-28",
        "value": 0.0007928984383177282
      },
      {
        "date": "2025-04-29",
        "value": 0.0007532535164018417
      },
      {
        "date": "2025-01-29",
        "value": 0.0007155908405817496
      },
      {
        "date": "2024-10-31",
        "value": 0.0006798112985526621
      },
      {
        "date": "2024-08-02",
        "value": 0.000645820733625029
      },
      {
        "date": "2024-05-04",
        "value": 0.0006135296969437775
      },
      {
        "date": "2024-02-04",
        "value": 0.0005828532120965886
      },
      {
        "date": "2023-11-06",
        "value": 0.0005537105514917591
      }
    ],
    "earnings_dates": [
      "2025-07-28",
      "2025-04-29",
      "2025-01-29",
      "2024-10-31",
      "2024-08-02",
      "2024-05-04",
      "2024-02-04",
      "2023-11-06"
    ]
  },
  "analysis": {
    "avg_revenue_growth": -18.07667115423604,
    "avg_earnings_surprise": 2.2043256232407265,
    "consistency_score": 92,
    "trend_direction": "declining"
  }
}