{
  "ticker": "MOS",
  "quarters": [
    {
      "date": "2025-07-28",
      "quarter": "Q3 2025",
      "revenue": 23942962.047616825,
      "earnings": 2185354.1934516313,
      "eps_actual": 0.000592048038998337,
      "eps_estimate": 0.0005971513921041585,
      "surprise_percent": -0.8546162955157853,
      "price_on_date": 0.357025226959685,
      "revenue_growth": 38.357875938125574,
      "earnings_growth": 35.99679731461854
    },
    {
      "date": "2025-04-29",
      "quarter": "Q2 2025",
      "revenue": 22745813.945235983,
      "earnings": 2076086.4837790497,
      "eps_actual": 0.00056244563704842,
      "eps_estimate": 0.0005599896342592413,
      "surprise_percent": 0.43858004486593954,
      "price_on_date": 0.33523713248443104,
      "revenue_growth": 34.1270652748807,
      "earnings_growth": 30.72775183771708
    },
    {
      "date": "2025-01-29",
      "quarter": "Q1 2025",
      "revenue": 21608523.247974183,
      "earnings": 1972282.1595900971,
      "eps_actual": 0.0005343233551959991,
      "eps_estimate": 0.0005269708805613551,
      "surprise_percent": 1.3952335709350259,
      "price_on_date": 0.3270552838083441,
      "revenue_growth": 36.722831993659,
      "earnings_growth": 24.555458412024354
    },
    {
      "date": "2024-10-31",
      "quarter": "Q4 2024",
      "revenue": 20528097.085575473,
      "earnings": 1873668.051610592,
      "eps_actual": 0.000507607187436199,
      "eps_estimate": 0.0005159537043699704,
      "surprise_percent": -1.617687180667364,
      "price_on_date": 0.30065956533561544,
      "revenue_growth": 35.57073610616677,
      "earnings_growth": 26.978816844440995
    },
    {
      "date": "2024-08-02",
      "quarter": "Q3 2024",
      "revenue": 19501692.2312967,
      "earnings": 1779984.6490300626,
      "eps_actual": 0.0004822268280643891,
      "eps_estimate": 0.00045989482538309225,
      "surprise_percent": 4.855893445353365,
      "price_on_date": 0.3035815575687696,
      "revenue_growth": 37.34359558462356,
      "earnings_growth": 29.01791136254157
    },
    {
      "date": "2024-05-04",
      "quarter": "Q2 2024",
      "revenue": 18526607.619731862,
      "earnings": 1690985.4165785592,
      "eps_actual": 0.00045811548666116963,
      "eps_estimate": 0.0004540140043713304,
      "surprise_percent": 0.9033823296967441,
      "price_on_date": 0.28071531531587907,
      "revenue_growth": 28.06527535395814,
      "earnings_growth": 37.607156853460204
    },
    {
      "date": "2024-02-04",
      "quarter": "Q1 2024",
      "revenue": 17600277.23874527,
      "earnings": 1606436.1457496313,
      "eps_actual": 0.00043520971232811114,
      "eps_estimate": 0.00041777618632123694,
      "surprise_percent": 4.172934355207406,
      "price_on_date": 0.26642617726294443,
      "revenue_growth": 31.677294730558096,
      "earnings_growth": 28.897770300228263
    },
    {
      "date": "2023-11-06",
      "quarter": "Q4 2023",
      "revenue": 16720263.376808003,
      "earnings": 1526114.3384621495,
      "eps_actual": 0.00041344922671170554,
      "eps_estimate": 0.00041036110322665366,
      "surprise_percent": 0.7525380599598939,
      "price_on_date": 0.22971907218023876,
      "revenue_growth": 29.62928094016606,
      "earnings_growth": 40.22490999570046
    }
  ],
  "metrics": {
    "revenue_trend": [
      {
        "date": "2025-07-28",
        "value": 23942962.047616825
      },
      {
        "date": "2025-04-29",
        "value": 22745813.945235983
      },
      {
        "date": "2025-01-29",
        "value": 21608523.247974183
      },
      {
        "date": "2024-10-31",
        "value": 20528097.085575473
      },
      {
        "date": "2024-08-02",
        "value": 19501692.2312967
      },
      {
        "date": "2024-05-04",
        "value": 18526607.619731862
      },
      {
        "date": "2024-02-04",
        "value": 17600277.23874527
      },
      {
        "date": "2023-11-06",
        "value": 16720263.376808003
      }
    ],
    "eps_trend": [
      {
        "date": "2025-07-28",
        "value": 0.000592048038998337
      },
      {
        "date": "2025-04-29",
        "value": 0.00056244563704842
      },
      {
        "date": "2025-01-29",
        "value": 0.0005343233551959991
      },
      {
        "date": "2024-10-31",
        "value": 0.000507607187436199
      },
      {
        "date": "2024-08-02",
        "value": 0.0004822268280643891
      },
      {
        "date": "2024-05-04",
        "value": 0.00045811548666116963
      },
      {
        "date": "2024-02-04",
        "value": 0.00043520971232811114
      },
      {
        "date": "2023-11-06",
        "value": 0.00041344922671170554
      }
    ],
    "earnings_dates": [
      "2025-07-28",
      "2025-04-29",
      "2025-01-29",
      "2024-10-31",
      "2024-08-02",
      "2024-05-04",
      "2024-02-04",
      "2023-11-06"
    ]
  },
  "analysis": {
    "avg_revenue_growth": 36.19462732820801,
    "avg_earnings_surprise": -0.159622465095546,
    "consistency_score": 83,
    "trend_direction": "growing"
  }
}