{
  "ticker": "MPC",
  "quarters": [
    {
      "date": "2025-07-28",
      "quarter": "Q3 2025",
      "revenue": 1267174467.299665,
      "earnings": 208982542.77762672,
      "eps_actual": 1.4052253375675885,
      "eps_estimate": 1.3626360136709859,
      "surprise_percent": 3.1255099284999526,
      "price_on_date": 393.0845847384015,
      "revenue_growth": 5.394698082321822,
      "earnings_growth": 6.678664860767906
    },
    {
      "date": "2025-04-29",
      "quarter": "Q2 2025",
      "revenue": 1203815743.9346817,
      "earnings": 198533415.63874537,
      "eps_actual": 1.3349640706892087,
      "eps_estimate": 1.278008710611411,
      "surprise_percent": 4.456570569894605,
      "price_on_date": 384.85629363763934,
      "revenue_growth": 6.612175351573222,
      "earnings_growth": 5.6236558040929365
    },
    {
      "date": "2025-01-29",
      "quarter": "Q1 2025",
      "revenue": 1143624956.7379477,
      "earnings": 188606744.85680813,
      "eps_actual": 1.2682158671547485,
      "eps_estimate": 1.2309431913267352,
      "surprise_percent": 3.02797692782557,
      "price_on_date": 403.8867263258427,
      "revenue_growth": 6.7030858523991785,
      "earnings_growth": 6.6508182598169965
    },
    {
      "date": "2024-10-31",
      "quarter": "Q4 2024",
      "revenue": 1086443708.90105,
      "earnings": 179176407.6139677,
      "eps_actual": 1.2048050737970109,
      "eps_estimate": 1.2201119677470873,
      "surprise_percent": -1.2545483000498985,
      "price_on_date": 345.71554844510086,
      "revenue_growth": 4.808431410156658,
      "earnings_growth": 5.784792695284901
    },
    {
      "date": "2024-08-02",
      "quarter": "Q3 2024",
      "revenue": 1032121523.4559976,
      "earnings": 170217587.2332693,
      "eps_actual": 1.1445648201071603,
      "eps_estimate": 1.1229163026963407,
      "surprise_percent": 1.927883436978992,
      "price_on_date": 347.8733411738585,
      "revenue_growth": 4.701936062836166,
      "earnings_growth": 4.976292587689541
    },
    {
      "date": "2024-05-04",
      "quarter": "Q2 2024",
      "revenue": 980515447.2831975,
      "earnings": 161706707.87160578,
      "eps_actual": 1.087336579101802,
      "eps_estimate": 1.061918146586519,
      "surprise_percent": 2.393633878184406,
      "price_on_date": 345.5318990288984,
      "revenue_growth": 6.238413246836396,
      "earnings_growth": 5.657531958131808
    },
    {
      "date": "2024-02-04",
      "quarter": "Q1 2024",
      "revenue": 931489674.9190377,
      "earnings": 153621372.47802553,
      "eps_actual": 1.032969750146712,
      "eps_estimate": 1.0255216394467987,
      "surprise_percent": 0.7262753328082986,
      "price_on_date": 335.2323193426959,
      "revenue_growth": 6.515030655029346,
      "earnings_growth": 4.467599371095557
    },
    {
      "date": "2023-11-06",
      "quarter": "Q4 2023",
      "revenue": 884915191.1730857,
      "earnings": 145940303.85412422,
      "eps_actual": 0.9813212626393764,
      "eps_estimate": 0.9643308328683988,
      "surprise_percent": 1.7618880566578545,
      "price_on_date": 300.494459005538,
      "revenue_growth": 5.147384692385455,
      "earnings_growth": 4.440698421895579
    }
  ],
  "metrics": {
    "revenue_trend": [
      {
        "date": "2025-07-28",
        "value": 1267174467.299665
      },
      {
        "date": "2025-04-29",
        "value": 1203815743.9346817
      },
      {
        "date": "2025-01-29",
        "value": 1143624956.7379477
      },
      {
        "date": "2024-10-31",
        "value": 1086443708.90105
      },
      {
        "date": "2024-08-02",
        "value": 1032121523.4559976
      },
      {
        "date": "2024-05-04",
        "value": 980515447.2831975
      },
      {
        "date": "2024-02-04",
        "value": 931489674.9190377
      },
      {
        "date": "2023-11-06",
        "value": 884915191.1730857
      }
    ],
    "eps_trend": [
      {
        "date": "2025-07-28",
        "value": 1.4052253375675885
      },
      {
        "date": "2025-04-29",
        "value": 1.3349640706892087
      },
      {
        "date": "2025-01-29",
        "value": 1.2682158671547485
      },
      {
        "date": "2024-10-31",
        "value": 1.2048050737970109
      },
      {
        "date": "2024-08-02",
        "value": 1.1445648201071603
      },
      {
        "date": "2024-05-04",
        "value": 1.087336579101802
      },
      {
        "date": "2024-02-04",
        "value": 1.032969750146712
      },
      {
        "date": "2023-11-06",
        "value": 0.9813212626393764
      }
    ],
    "earnings_dates": [
      "2025-07-28",
      "2025-04-29",
      "2025-01-29",
      "2024-10-31",
      "2024-08-02",
      "2024-05-04",
      "2024-02-04",
      "2023-11-06"
    ]
  },
  "analysis": {
    "avg_revenue_growth": 5.87959767411272,
    "avg_earnings_surprise": 2.3388772815425574,
    "consistency_score": 74,
    "trend_direction": "growing"
  }
}