{
  "ticker": "MPWR",
  "quarters": [
    {
      "date": "2025-07-28",
      "quarter": "Q3 2025",
      "revenue": 75512494.00150809,
      "earnings": 13361127.453229818,
      "eps_actual": 0.004348725884528419,
      "eps_estimate": 0.004185105989970231,
      "surprise_percent": 3.909575885301561,
      "price_on_date": 0.2930461021332232,
      "revenue_growth": 15.67494487199931,
      "earnings_growth": 21.321633206242094
    },
    {
      "date": "2025-04-29",
      "quarter": "Q2 2025",
      "revenue": 71736869.30143268,
      "earnings": 12693071.080568327,
      "eps_actual": 0.004131289590301997,
      "eps_estimate": 0.004052194193958479,
      "surprise_percent": 1.9519152478290318,
      "price_on_date": 0.28146306690400896,
      "revenue_growth": 18.411908474352693,
      "earnings_growth": 22.530565793434707
    },
    {
      "date": "2025-01-29",
      "quarter": "Q1 2025",
      "revenue": 68150025.83636105,
      "earnings": 12058417.52653991,
      "eps_actual": 0.0039247251107868975,
      "eps_estimate": 0.003924303831110239,
      "surprise_percent": 0.010735144239302287,
      "price_on_date": 0.23424653529262549,
      "revenue_growth": 19.137860908488502,
      "earnings_growth": 22.594372961323277
    },
    {
      "date": "2024-10-31",
      "quarter": "Q4 2024",
      "revenue": 64742524.54454299,
      "earnings": 11455496.650212914,
      "eps_actual": 0.0037284888552475523,
      "eps_estimate": 0.0035930882019863377,
      "surprise_percent": 3.768364305289309,
      "price_on_date": 0.25921552191141867,
      "revenue_growth": 19.71910305552179,
      "earnings_growth": 20.463341139513446
    },
    {
      "date": "2024-08-02",
      "quarter": "Q3 2024",
      "revenue": 61505398.31731584,
      "earnings": 10882721.817702267,
      "eps_actual": 0.0035420644124851746,
      "eps_estimate": 0.0033811386919162956,
      "surprise_percent": 4.7595125557441325,
      "price_on_date": 0.2501920889917256,
      "revenue_growth": 15.692069916106623,
      "earnings_growth": 12.587023527073306
    },
    {
      "date": "2024-05-04",
      "quarter": "Q2 2024",
      "revenue": 58430128.40145004,
      "earnings": 10338585.726817153,
      "eps_actual": 0.0033649611918609157,
      "eps_estimate": 0.0032335742538150496,
      "surprise_percent": 4.063210791923289,
      "price_on_date": 0.24031895987456411,
      "revenue_growth": 17.091339362682554,
      "earnings_growth": 14.725716847920397
    },
    {
      "date": "2024-02-04",
      "quarter": "Q1 2024",
      "revenue": 55508621.981377535,
      "earnings": 9821656.440476295,
      "eps_actual": 0.0031967131322678693,
      "eps_estimate": 0.00305188308919509,
      "surprise_percent": 4.745596041523888,
      "price_on_date": 0.22002775741627065,
      "revenue_growth": 14.151392053047818,
      "earnings_growth": 22.5177093070123
    },
    {
      "date": "2023-11-06",
      "quarter": "Q4 2023",
      "revenue": 52733190.882308654,
      "earnings": 9330573.61845248,
      "eps_actual": 0.003036877475654476,
      "eps_estimate": 0.0030941842363988274,
      "surprise_percent": -1.8520797847205055,
      "price_on_date": 0.2111961392084075,
      "revenue_growth": 16.470966304807252,
      "earnings_growth": 16.076018788695006
    }
  ],
  "metrics": {
    "revenue_trend": [
      {
        "date": "2025-07-28",
        "value": 75512494.00150809
      },
      {
        "date": "2025-04-29",
        "value": 71736869.30143268
      },
      {
        "date": "2025-01-29",
        "value": 68150025.83636105
      },
      {
        "date": "2024-10-31",
        "value": 64742524.54454299
      },
      {
        "date": "2024-08-02",
        "value": 61505398.31731584
      },
      {
        "date": "2024-05-04",
        "value": 58430128.40145004
      },
      {
        "date": "2024-02-04",
        "value": 55508621.981377535
      },
      {
        "date": "2023-11-06",
        "value": 52733190.882308654
      }
    ],
    "eps_trend": [
      {
        "date": "2025-07-28",
        "value": 0.004348725884528419
      },
      {
        "date": "2025-04-29",
        "value": 0.004131289590301997
      },
      {
        "date": "2025-01-29",
        "value": 0.0039247251107868975
      },
      {
        "date": "2024-10-31",
        "value": 0.0037284888552475523
      },
      {
        "date": "2024-08-02",
        "value": 0.0035420644124851746
      },
      {
        "date": "2024-05-04",
        "value": 0.0033649611918609157
      },
      {
        "date": "2024-02-04",
        "value": 0.0031967131322678693
      },
      {
        "date": "2023-11-06",
        "value": 0.003036877475654476
      }
    ],
    "earnings_dates": [
      "2025-07-28",
      "2025-04-29",
      "2025-01-29",
      "2024-10-31",
      "2024-08-02",
      "2024-05-04",
      "2024-02-04",
      "2023-11-06"
    ]
  },
  "analysis": {
    "avg_revenue_growth": 18.235954327590573,
    "avg_earnings_surprise": 2.410147645664801,
    "consistency_score": 89,
    "trend_direction": "growing"
  }
}