{
  "ticker": "MRK",
  "quarters": [
    {
      "date": "2025-07-28",
      "quarter": "Q3 2025",
      "revenue": 121700094194.0778,
      "earnings": 21212089971.71054,
      "eps_actual": 6.684517982480659,
      "eps_estimate": 6.707004887627632,
      "surprise_percent": -0.3352749181449771,
      "price_on_date": 276.5558534139973,
      "revenue_growth": 3.411447473543264,
      "earnings_growth": 3.4761888427560454
    },
    {
      "date": "2025-04-29",
      "quarter": "Q2 2025",
      "revenue": 115615089484.3739,
      "earnings": 20151485473.12501,
      "eps_actual": 6.350292083356625,
      "eps_estimate": 6.4613987896341385,
      "surprise_percent": -1.7195457190439787,
      "price_on_date": 234.00218730972233,
      "revenue_growth": 4.060757188942203,
      "earnings_growth": 5.276622263734594
    },
    {
      "date": "2025-01-29",
      "quarter": "Q1 2025",
      "revenue": 109834335010.15521,
      "earnings": 19143911199.468765,
      "eps_actual": 6.032777479188796,
      "eps_estimate": 5.836727699280079,
      "surprise_percent": 3.3588988558246093,
      "price_on_date": 246.3425139323729,
      "revenue_growth": 3.481269263548025,
      "earnings_growth": 3.9248214487414304
    },
    {
      "date": "2024-10-31",
      "quarter": "Q4 2024",
      "revenue": 104342618259.64745,
      "earnings": 18186715639.495323,
      "eps_actual": 5.731138605229354,
      "eps_estimate": 5.663316079459694,
      "surprise_percent": 1.1975762047900895,
      "price_on_date": 227.9783456614098,
      "revenue_growth": 4.053157361299882,
      "earnings_growth": 4.882029601894012
    },
    {
      "date": "2024-08-02",
      "quarter": "Q3 2024",
      "revenue": 99125487346.66507,
      "earnings": 17277379857.520557,
      "eps_actual": 5.444581674967887,
      "eps_estimate": 5.2894646561382865,
      "surprise_percent": 2.9325655602895737,
      "price_on_date": 197.40654250249312,
      "revenue_growth": 3.968328054141655,
      "earnings_growth": 3.5170704980856113
    },
    {
      "date": "2024-05-04",
      "quarter": "Q2 2024",
      "revenue": 94169212979.3318,
      "earnings": 16413510864.644527,
      "eps_actual": 5.172352591219492,
      "eps_estimate": 5.21154435623508,
      "surprise_percent": -0.7520182567130717,
      "price_on_date": 201.65733084712681,
      "revenue_growth": 4.698392295419529,
      "earnings_growth": 4.714635638029633
    },
    {
      "date": "2024-02-04",
      "quarter": "Q1 2024",
      "revenue": 89460752330.36522,
      "earnings": 15592835321.412302,
      "eps_actual": 4.913734961658518,
      "eps_estimate": 4.76242320020256,
      "surprise_percent": 3.1772010822037373,
      "price_on_date": 197.63562135411746,
      "revenue_growth": 4.42434892352767,
      "earnings_growth": 3.484714957292517
    },
    {
      "date": "2023-11-06",
      "quarter": "Q4 2023",
      "revenue": 84987714713.84694,
      "earnings": 14813193555.341684,
      "eps_actual": 4.668048213575591,
      "eps_estimate": 4.719827540093634,
      "surprise_percent": -1.097059714114391,
      "price_on_date": 178.2543569851323,
      "revenue_growth": 4.417922123218067,
      "earnings_growth": 4.927437468415169
    }
  ],
  "metrics": {
    "revenue_trend": [
      {
        "date": "2025-07-28",
        "value": 121700094194.0778
      },
      {
        "date": "2025-04-29",
        "value": 115615089484.3739
      },
      {
        "date": "2025-01-29",
        "value": 109834335010.15521
      },
      {
        "date": "2024-10-31",
        "value": 104342618259.64745
      },
      {
        "date": "2024-08-02",
        "value": 99125487346.66507
      },
      {
        "date": "2024-05-04",
        "value": 94169212979.3318
      },
      {
        "date": "2024-02-04",
        "value": 89460752330.36522
      },
      {
        "date": "2023-11-06",
        "value": 84987714713.84694
      }
    ],
    "eps_trend": [
      {
        "date": "2025-07-28",
        "value": 6.684517982480659
      },
      {
        "date": "2025-04-29",
        "value": 6.350292083356625
      },
      {
        "date": "2025-01-29",
        "value": 6.032777479188796
      },
      {
        "date": "2024-10-31",
        "value": 5.731138605229354
      },
      {
        "date": "2024-08-02",
        "value": 5.444581674967887
      },
      {
        "date": "2024-05-04",
        "value": 5.172352591219492
      },
      {
        "date": "2024-02-04",
        "value": 4.913734961658518
      },
      {
        "date": "2023-11-06",
        "value": 4.668048213575591
      }
    ],
    "earnings_dates": [
      "2025-07-28",
      "2025-04-29",
      "2025-01-29",
      "2024-10-31",
      "2024-08-02",
      "2024-05-04",
      "2024-02-04",
      "2023-11-06"
    ]
  },
  "analysis": {
    "avg_revenue_growth": 3.7516578218333434,
    "avg_earnings_surprise": 0.6254136058564358,
    "consistency_score": 94,
    "trend_direction": "stable"
  }
}