{
  "ticker": "MRNA",
  "quarters": [
    {
      "date": "2025-07-28",
      "quarter": "Q3 2025",
      "revenue": 322576288.37964875,
      "earnings": 33775383.07268088,
      "eps_actual": 0.24686653347219212,
      "eps_estimate": 0.24324248585811126,
      "surprise_percent": 1.4898908804092919,
      "price_on_date": 366.294421725225,
      "revenue_growth": 39.00734634057218,
      "earnings_growth": 27.455261972675586
    },
    {
      "date": "2025-04-29",
      "quarter": "Q2 2025",
      "revenue": 306447473.9606663,
      "earnings": 32086613.919046838,
      "eps_actual": 0.23452320679858252,
      "eps_estimate": 0.22892259102194135,
      "surprise_percent": 2.446510740438183,
      "price_on_date": 312.6888449654785,
      "revenue_growth": 32.2056363191401,
      "earnings_growth": 38.940703522988805
    },
    {
      "date": "2025-01-29",
      "quarter": "Q1 2025",
      "revenue": 291125100.26263297,
      "earnings": 30482283.223094493,
      "eps_actual": 0.22279704645865336,
      "eps_estimate": 0.22521671397406626,
      "surprise_percent": -1.0743729773499486,
      "price_on_date": 309.05361525825157,
      "revenue_growth": 41.417688100740584,
      "earnings_growth": 37.39535449150484
    },
    {
      "date": "2024-10-31",
      "quarter": "Q4 2024",
      "revenue": 276568845.2495013,
      "earnings": 28958169.061939765,
      "eps_actual": 0.21165719413572068,
      "eps_estimate": 0.21355412067860835,
      "surprise_percent": -0.8882650153786926,
      "price_on_date": 264.8299988103487,
      "revenue_growth": 34.33114072455436,
      "earnings_growth": 46.51571988117409
    },
    {
      "date": "2024-08-02",
      "quarter": "Q3 2024",
      "revenue": 262740402.98702624,
      "earnings": 27510260.60884278,
      "eps_actual": 0.20107433442893466,
      "eps_estimate": 0.20051784545238652,
      "surprise_percent": 0.2775259106203999,
      "price_on_date": 268.2410278723926,
      "revenue_growth": 38.459664741478164,
      "earnings_growth": 46.29292698316679
    },
    {
      "date": "2024-05-04",
      "quarter": "Q2 2024",
      "revenue": 249603382.8376749,
      "earnings": 26134747.578400634,
      "eps_actual": 0.19102061770748788,
      "eps_estimate": 0.18537953491652057,
      "surprise_percent": 3.042991122783636,
      "price_on_date": 261.1959280093876,
      "revenue_growth": 33.73116099344043,
      "earnings_growth": 33.84345522671312
    },
    {
      "date": "2024-02-04",
      "quarter": "Q1 2024",
      "revenue": 237123213.69579116,
      "earnings": 24828010.199480604,
      "eps_actual": 0.1814695868221135,
      "eps_estimate": 0.18103657987571037,
      "surprise_percent": 0.23918201873920428,
      "price_on_date": 225.82948997534805,
      "revenue_growth": 34.45122116666294,
      "earnings_growth": 31.570270875740825
    },
    {
      "date": "2023-11-06",
      "quarter": "Q4 2023",
      "revenue": 225267053.01100156,
      "earnings": 23586609.68950657,
      "eps_actual": 0.1723961074810078,
      "eps_estimate": 0.170986047476331,
      "surprise_percent": 0.8246637813368923,
      "price_on_date": 245.30842460013102,
      "revenue_growth": 44.29174808950785,
      "earnings_growth": 40.60368052607435
    }
  ],
  "metrics": {
    "revenue_trend": [
      {
        "date": "2025-07-28",
        "value": 322576288.37964875
      },
      {
        "date": "2025-04-29",
        "value": 306447473.9606663
      },
      {
        "date": "2025-01-29",
        "value": 291125100.26263297
      },
      {
        "date": "2024-10-31",
        "value": 276568845.2495013
      },
      {
        "date": "2024-08-02",
        "value": 262740402.98702624
      },
      {
        "date": "2024-05-04",
        "value": 249603382.8376749
      },
      {
        "date": "2024-02-04",
        "value": 237123213.69579116
      },
      {
        "date": "2023-11-06",
        "value": 225267053.01100156
      }
    ],
    "eps_trend": [
      {
        "date": "2025-07-28",
        "value": 0.24686653347219212
      },
      {
        "date": "2025-04-29",
        "value": 0.23452320679858252
      },
      {
        "date": "2025-01-29",
        "value": 0.22279704645865336
      },
      {
        "date": "2024-10-31",
        "value": 0.21165719413572068
      },
      {
        "date": "2024-08-02",
        "value": 0.20107433442893466
      },
      {
        "date": "2024-05-04",
        "value": 0.19102061770748788
      },
      {
        "date": "2024-02-04",
        "value": 0.1814695868221135
      },
      {
        "date": "2023-11-06",
        "value": 0.1723961074810078
      }
    ],
    "earnings_dates": [
      "2025-07-28",
      "2025-04-29",
      "2025-01-29",
      "2024-10-31",
      "2024-08-02",
      "2024-05-04",
      "2024-02-04",
      "2023-11-06"
    ]
  },
  "analysis": {
    "avg_revenue_growth": 36.740452871251804,
    "avg_earnings_surprise": 0.49344090702970833,
    "consistency_score": 76,
    "trend_direction": "growing"
  }
}