{
  "ticker": "MRO",
  "quarters": [
    {
      "date": "2025-07-28",
      "quarter": "Q3 2025",
      "revenue": 91011192.90648246,
      "earnings": 5833346.370274591,
      "eps_actual": 0.004084478985156134,
      "eps_estimate": 0.003922599330194505,
      "surprise_percent": 4.126846545747041,
      "price_on_date": 1.1376484978336359,
      "revenue_growth": 10.938618079706862,
      "earnings_growth": 9.793591512677345
    },
    {
      "date": "2025-04-29",
      "quarter": "Q2 2025",
      "revenue": 86460633.26115833,
      "earnings": 5541679.051760862,
      "eps_actual": 0.003880255035898327,
      "eps_estimate": 0.0038194445290413775,
      "surprise_percent": 1.5921295988087523,
      "price_on_date": 1.095692566315762,
      "revenue_growth": 10.369000481012057,
      "earnings_growth": 10.48134709426359
    },
    {
      "date": "2025-01-29",
      "quarter": "Q1 2025",
      "revenue": 82137601.59810041,
      "earnings": 5264595.0991728185,
      "eps_actual": 0.0036862422841034102,
      "eps_estimate": 0.003754661404125971,
      "surprise_percent": -1.822244742159048,
      "price_on_date": 0.9805559115764407,
      "revenue_growth": 9.684303088378854,
      "earnings_growth": 10.612525085111168
    },
    {
      "date": "2024-10-31",
      "quarter": "Q4 2024",
      "revenue": 78030721.51819539,
      "earnings": 5001365.344214178,
      "eps_actual": 0.00350193016989824,
      "eps_estimate": 0.0034490601561935406,
      "surprise_percent": 1.5328817506925652,
      "price_on_date": 0.9934726366299119,
      "revenue_growth": 9.589292547505977,
      "earnings_growth": 7.249681414629626
    },
    {
      "date": "2024-08-02",
      "quarter": "Q3 2024",
      "revenue": 74129185.44228561,
      "earnings": 4751297.077003468,
      "eps_actual": 0.0033268336614033275,
      "eps_estimate": 0.003292812819984862,
      "surprise_percent": 1.0331847960498934,
      "price_on_date": 0.9145595264844213,
      "revenue_growth": 8.203897469146325,
      "earnings_growth": 8.831319964788698
    },
    {
      "date": "2024-05-04",
      "quarter": "Q2 2024",
      "revenue": 70422726.17017132,
      "earnings": 4513732.223153294,
      "eps_actual": 0.0031604919783331607,
      "eps_estimate": 0.0031168429944528554,
      "surprise_percent": 1.4004229265955552,
      "price_on_date": 0.9244141114451411,
      "revenue_growth": 7.312974259012203,
      "earnings_growth": 11.20964641283761
    },
    {
      "date": "2024-02-04",
      "quarter": "Q1 2024",
      "revenue": 66901589.86166276,
      "earnings": 4288045.61199563,
      "eps_actual": 0.003002467379416503,
      "eps_estimate": 0.0028607037140003194,
      "surprise_percent": 4.955552185372796,
      "price_on_date": 0.9217724267192126,
      "revenue_growth": 7.360335624741432,
      "earnings_growth": 7.492923338143347
    },
    {
      "date": "2023-11-06",
      "quarter": "Q4 2023",
      "revenue": 63556510.36857962,
      "earnings": 4073643.3313958477,
      "eps_actual": 0.0028523440104456775,
      "eps_estimate": 0.0027362029533152614,
      "surprise_percent": 4.244606818719211,
      "price_on_date": 0.7957903221145356,
      "revenue_growth": 8.082778159935023,
      "earnings_growth": 6.664985232867128
    }
  ],
  "metrics": {
    "revenue_trend": [
      {
        "date": "2025-07-28",
        "value": 91011192.90648246
      },
      {
        "date": "2025-04-29",
        "value": 86460633.26115833
      },
      {
        "date": "2025-01-29",
        "value": 82137601.59810041
      },
      {
        "date": "2024-10-31",
        "value": 78030721.51819539
      },
      {
        "date": "2024-08-02",
        "value": 74129185.44228561
      },
      {
        "date": "2024-05-04",
        "value": 70422726.17017132
      },
      {
        "date": "2024-02-04",
        "value": 66901589.86166276
      },
      {
        "date": "2023-11-06",
        "value": 63556510.36857962
      }
    ],
    "eps_trend": [
      {
        "date": "2025-07-28",
        "value": 0.004084478985156134
      },
      {
        "date": "2025-04-29",
        "value": 0.003880255035898327
      },
      {
        "date": "2025-01-29",
        "value": 0.0036862422841034102
      },
      {
        "date": "2024-10-31",
        "value": 0.00350193016989824
      },
      {
        "date": "2024-08-02",
        "value": 0.0033268336614033275
      },
      {
        "date": "2024-05-04",
        "value": 0.0031604919783331607
      },
      {
        "date": "2024-02-04",
        "value": 0.003002467379416503
      },
      {
        "date": "2023-11-06",
        "value": 0.0028523440104456775
      }
    ],
    "earnings_dates": [
      "2025-07-28",
      "2025-04-29",
      "2025-01-29",
      "2024-10-31",
      "2024-08-02",
      "2024-05-04",
      "2024-02-04",
      "2023-11-06"
    ]
  },
  "analysis": {
    "avg_revenue_growth": 10.145303549150938,
    "avg_earnings_surprise": 1.3574032882723275,
    "consistency_score": 75,
    "trend_direction": "growing"
  }
}