{
  "ticker": "MS",
  "quarters": [
    {
      "date": "2025-07-28",
      "quarter": "Q3 2025",
      "revenue": 117522547382.68756,
      "earnings": 3592913303.0081162,
      "eps_actual": 1.1694472644867777,
      "eps_estimate": 1.1442583933883217,
      "surprise_percent": 2.201327186586587,
      "price_on_date": 261.3114282976467,
      "revenue_growth": 34.83330376876109,
      "earnings_growth": 28.33495819711061
    },
    {
      "date": "2025-04-29",
      "quarter": "Q2 2025",
      "revenue": 111646420013.55318,
      "earnings": 3413267637.8577104,
      "eps_actual": 1.1109749012624388,
      "eps_estimate": 1.096790429284393,
      "surprise_percent": 1.2932709476048645,
      "price_on_date": 233.3355078293451,
      "revenue_growth": 27.201945273098776,
      "earnings_growth": 32.20955568572076
    },
    {
      "date": "2025-01-29",
      "quarter": "Q1 2025",
      "revenue": 106064099012.87552,
      "earnings": 3242604255.964825,
      "eps_actual": 1.055426156199317,
      "eps_estimate": 1.0753150190398335,
      "surprise_percent": -1.8495847717514065,
      "price_on_date": 244.57115028821008,
      "revenue_growth": 35.37404853733039,
      "earnings_growth": 40.088653355828214
    },
    {
      "date": "2024-10-31",
      "quarter": "Q4 2024",
      "revenue": 100760894062.23174,
      "earnings": 3080474043.1665835,
      "eps_actual": 1.0026548483893511,
      "eps_estimate": 0.9567999517891177,
      "surprise_percent": 4.792527060070342,
      "price_on_date": 222.255812181234,
      "revenue_growth": 27.92214808898391,
      "earnings_growth": 36.56146386544749
    },
    {
      "date": "2024-08-02",
      "quarter": "Q3 2024",
      "revenue": 95722849359.12015,
      "earnings": 2926450341.008254,
      "eps_actual": 0.9525221059698834,
      "eps_estimate": 0.9616711705056764,
      "surprise_percent": -0.9513714059850775,
      "price_on_date": 223.4048596617801,
      "revenue_growth": 39.36956391561652,
      "earnings_growth": 40.804759135068835
    },
    {
      "date": "2024-05-04",
      "quarter": "Q2 2024",
      "revenue": 90936706891.16412,
      "earnings": 2780127823.957841,
      "eps_actual": 0.9048960006713891,
      "eps_estimate": 0.9202289993173943,
      "surprise_percent": -1.6662155460628731,
      "price_on_date": 202.1064584220173,
      "revenue_growth": 31.295839267199646,
      "earnings_growth": 41.71994817401988
    },
    {
      "date": "2024-02-04",
      "quarter": "Q1 2024",
      "revenue": 86389871546.60593,
      "earnings": 2641121432.759949,
      "eps_actual": 0.8596512006378197,
      "eps_estimate": 0.8450434277598406,
      "surprise_percent": 1.728641676641806,
      "price_on_date": 198.8380164588649,
      "revenue_growth": 28.595155790695,
      "earnings_growth": 36.449520637085904
    },
    {
      "date": "2023-11-06",
      "quarter": "Q4 2023",
      "revenue": 82070377969.27562,
      "earnings": 2509065361.1219516,
      "eps_actual": 0.8166686406059287,
      "eps_estimate": 0.7789265541325255,
      "surprise_percent": 4.845397332157426,
      "price_on_date": 190.72607445499185,
      "revenue_growth": 30.025538308332276,
      "earnings_growth": 37.80065390337072
    }
  ],
  "metrics": {
    "revenue_trend": [
      {
        "date": "2025-07-28",
        "value": 117522547382.68756
      },
      {
        "date": "2025-04-29",
        "value": 111646420013.55318
      },
      {
        "date": "2025-01-29",
        "value": 106064099012.87552
      },
      {
        "date": "2024-10-31",
        "value": 100760894062.23174
      },
      {
        "date": "2024-08-02",
        "value": 95722849359.12015
      },
      {
        "date": "2024-05-04",
        "value": 90936706891.16412
      },
      {
        "date": "2024-02-04",
        "value": 86389871546.60593
      },
      {
        "date": "2023-11-06",
        "value": 82070377969.27562
      }
    ],
    "eps_trend": [
      {
        "date": "2025-07-28",
        "value": 1.1694472644867777
      },
      {
        "date": "2025-04-29",
        "value": 1.1109749012624388
      },
      {
        "date": "2025-01-29",
        "value": 1.055426156199317
      },
      {
        "date": "2024-10-31",
        "value": 1.0026548483893511
      },
      {
        "date": "2024-08-02",
        "value": 0.9525221059698834
      },
      {
        "date": "2024-05-04",
        "value": 0.9048960006713891
      },
      {
        "date": "2024-02-04",
        "value": 0.8596512006378197
      },
      {
        "date": "2023-11-06",
        "value": 0.8166686406059287
      }
    ],
    "earnings_dates": [
      "2025-07-28",
      "2025-04-29",
      "2025-01-29",
      "2024-10-31",
      "2024-08-02",
      "2024-05-04",
      "2024-02-04",
      "2023-11-06"
    ]
  },
  "analysis": {
    "avg_revenue_growth": 31.33286141704354,
    "avg_earnings_surprise": 1.609385105627597,
    "consistency_score": 73,
    "trend_direction": "growing"
  }
}