{
  "ticker": "MSCI",
  "quarters": [
    {
      "date": "2025-07-28",
      "quarter": "Q3 2025",
      "revenue": 1337828603.3184438,
      "earnings": 311777237.520965,
      "eps_actual": 0.0944903664553689,
      "eps_estimate": 0.09530621983370438,
      "surprise_percent": -0.8560337192672481,
      "price_on_date": 21.299593822410316,
      "revenue_growth": 33.00196115778704,
      "earnings_growth": 38.16380144890972
    },
    {
      "date": "2025-04-29",
      "quarter": "Q2 2025",
      "revenue": 1270937173.1525216,
      "earnings": 296188375.6449167,
      "eps_actual": 0.08976584813260044,
      "eps_estimate": 0.0852883349218389,
      "surprise_percent": 5.249854173920594,
      "price_on_date": 20.050438411613424,
      "revenue_growth": 34.224711731049005,
      "earnings_growth": 42.10827405243804
    },
    {
      "date": "2025-01-29",
      "quarter": "Q1 2025",
      "revenue": 1207390314.4948955,
      "earnings": 281378956.86267084,
      "eps_actual": 0.08527755572597041,
      "eps_estimate": 0.08406608166422196,
      "surprise_percent": 1.4410973341035997,
      "price_on_date": 19.976050008088254,
      "revenue_growth": 38.206667784700436,
      "earnings_growth": 36.008013377109954
    },
    {
      "date": "2024-10-31",
      "quarter": "Q4 2024",
      "revenue": 1147020798.7701507,
      "earnings": 267310009.0195373,
      "eps_actual": 0.08101367793967189,
      "eps_estimate": 0.07995085142882341,
      "surprise_percent": 1.3293498341223586,
      "price_on_date": 20.460844615537802,
      "revenue_growth": 35.177103692117726,
      "earnings_growth": 32.4694967073288
    },
    {
      "date": "2024-08-02",
      "quarter": "Q3 2024",
      "revenue": 1089669758.831643,
      "earnings": 253944508.56856045,
      "eps_actual": 0.0769629940426883,
      "eps_estimate": 0.07333583734496041,
      "surprise_percent": 4.945953887001131,
      "price_on_date": 19.73620823789595,
      "revenue_growth": 31.14817544547907,
      "earnings_growth": 35.28689184425832
    },
    {
      "date": "2024-05-04",
      "quarter": "Q2 2024",
      "revenue": 1035186270.8900607,
      "earnings": 241247283.14013234,
      "eps_actual": 0.07311484434055386,
      "eps_estimate": 0.072623461999145,
      "surprise_percent": 0.67661652017449,
      "price_on_date": 18.448628653309434,
      "revenue_growth": 37.81192688284836,
      "earnings_growth": 39.70923716447757
    },
    {
      "date": "2024-02-04",
      "quarter": "Q1 2024",
      "revenue": 983426957.3455577,
      "earnings": 229184918.98312575,
      "eps_actual": 0.06945910212352617,
      "eps_estimate": 0.06631672995839923,
      "surprise_percent": 4.738430509312157,
      "price_on_date": 17.894387669342905,
      "revenue_growth": 32.4023482618663,
      "earnings_growth": 29.077493026275967
    },
    {
      "date": "2023-11-06",
      "quarter": "Q4 2023",
      "revenue": 934255609.4782797,
      "earnings": 217725673.03396943,
      "eps_actual": 0.06598614701734985,
      "eps_estimate": 0.06283141602772642,
      "surprise_percent": 5.020945235789855,
      "price_on_date": 14.856569850773718,
      "revenue_growth": 27.796808569557758,
      "earnings_growth": 36.9661064751658
    }
  ],
  "metrics": {
    "revenue_trend": [
      {
        "date": "2025-07-28",
        "value": 1337828603.3184438
      },
      {
        "date": "2025-04-29",
        "value": 1270937173.1525216
      },
      {
        "date": "2025-01-29",
        "value": 1207390314.4948955
      },
      {
        "date": "2024-10-31",
        "value": 1147020798.7701507
      },
      {
        "date": "2024-08-02",
        "value": 1089669758.831643
      },
      {
        "date": "2024-05-04",
        "value": 1035186270.8900607
      },
      {
        "date": "2024-02-04",
        "value": 983426957.3455577
      },
      {
        "date": "2023-11-06",
        "value": 934255609.4782797
      }
    ],
    "eps_trend": [
      {
        "date": "2025-07-28",
        "value": 0.0944903664553689
      },
      {
        "date": "2025-04-29",
        "value": 0.08976584813260044
      },
      {
        "date": "2025-01-29",
        "value": 0.08527755572597041
      },
      {
        "date": "2024-10-31",
        "value": 0.08101367793967189
      },
      {
        "date": "2024-08-02",
        "value": 0.0769629940426883
      },
      {
        "date": "2024-05-04",
        "value": 0.07311484434055386
      },
      {
        "date": "2024-02-04",
        "value": 0.06945910212352617
      },
      {
        "date": "2023-11-06",
        "value": 0.06598614701734985
      }
    ],
    "earnings_dates": [
      "2025-07-28",
      "2025-04-29",
      "2025-01-29",
      "2024-10-31",
      "2024-08-02",
      "2024-05-04",
      "2024-02-04",
      "2023-11-06"
    ]
  },
  "analysis": {
    "avg_revenue_growth": 35.152611091413554,
    "avg_earnings_surprise": 1.791066905719826,
    "consistency_score": 78,
    "trend_direction": "growing"
  }
}