{
  "ticker": "MSFT",
  "quarters": [
    {
      "date": "2025-07-28",
      "quarter": "Q3 2025",
      "revenue": 42506622870.156136,
      "earnings": 2831657336.7785444,
      "eps_actual": 0.7146980913538229,
      "eps_estimate": 0.6799033003022575,
      "surprise_percent": 5.117608788793494,
      "price_on_date": 240.97246671868243,
      "revenue_growth": 18.46836506189434,
      "earnings_growth": 21.347469224047806
    },
    {
      "date": "2025-04-29",
      "quarter": "Q2 2025",
      "revenue": 40381291726.64833,
      "earnings": 2690074469.939617,
      "eps_actual": 0.6789631867861318,
      "eps_estimate": 0.6519920080599243,
      "surprise_percent": 4.1367345600543866,
      "price_on_date": 260.80553975109893,
      "revenue_growth": 16.056687551993967,
      "earnings_growth": 18.23348815059864
    },
    {
      "date": "2025-01-29",
      "quarter": "Q1 2025",
      "revenue": 38362227140.31591,
      "earnings": 2555570746.442636,
      "eps_actual": 0.6450150274468252,
      "eps_estimate": 0.6468558450151618,
      "surprise_percent": -0.28457925865901434,
      "price_on_date": 239.26911974328726,
      "revenue_growth": 16.48016484158976,
      "earnings_growth": 21.076995576892042
    },
    {
      "date": "2024-10-31",
      "quarter": "Q4 2024",
      "revenue": 36444115783.30011,
      "earnings": 2427792209.120504,
      "eps_actual": 0.6127642760744838,
      "eps_estimate": 0.6118304018959088,
      "surprise_percent": 0.15263611871544847,
      "price_on_date": 206.75323472962845,
      "revenue_growth": 16.23591634941348,
      "earnings_growth": 16.226208917948178
    },
    {
      "date": "2024-08-02",
      "quarter": "Q3 2024",
      "revenue": 34621909994.13511,
      "earnings": 2306402598.6644793,
      "eps_actual": 0.5821260622707597,
      "eps_estimate": 0.5824474505033086,
      "surprise_percent": -0.05517892339835677,
      "price_on_date": 233.51646982712813,
      "revenue_growth": 19.735470080507522,
      "earnings_growth": 12.189697718096198
    },
    {
      "date": "2024-05-04",
      "quarter": "Q2 2024",
      "revenue": 32890814494.428345,
      "earnings": 2191082468.7312546,
      "eps_actual": 0.5530197591572216,
      "eps_estimate": 0.5580588438288514,
      "surprise_percent": -0.9029665468710408,
      "price_on_date": 193.71290735767448,
      "revenue_growth": 17.124547788499708,
      "earnings_growth": 17.440238544007006
    },
    {
      "date": "2024-02-04",
      "quarter": "Q1 2024",
      "revenue": 31246273769.70693,
      "earnings": 2081528345.2946918,
      "eps_actual": 0.5253687711993604,
      "eps_estimate": 0.5022880036313351,
      "surprise_percent": 4.595126182819602,
      "price_on_date": 202.79497974384475,
      "revenue_growth": 18.510285270445888,
      "earnings_growth": 13.717146403542126
    },
    {
      "date": "2023-11-06",
      "quarter": "Q4 2023",
      "revenue": 29683960081.22158,
      "earnings": 1977451928.0299573,
      "eps_actual": 0.49910033263939246,
      "eps_estimate": 0.5074410200109245,
      "surprise_percent": -1.643676219031815,
      "price_on_date": 178.96196877710562,
      "revenue_growth": 16.158085480887898,
      "earnings_growth": 15.630616758642663
    }
  ],
  "metrics": {
    "revenue_trend": [
      {
        "date": "2025-07-28",
        "value": 42506622870.156136
      },
      {
        "date": "2025-04-29",
        "value": 40381291726.64833
      },
      {
        "date": "2025-01-29",
        "value": 38362227140.31591
      },
      {
        "date": "2024-10-31",
        "value": 36444115783.30011
      },
      {
        "date": "2024-08-02",
        "value": 34621909994.13511
      },
      {
        "date": "2024-05-04",
        "value": 32890814494.428345
      },
      {
        "date": "2024-02-04",
        "value": 31246273769.70693
      },
      {
        "date": "2023-11-06",
        "value": 29683960081.22158
      }
    ],
    "eps_trend": [
      {
        "date": "2025-07-28",
        "value": 0.7146980913538229
      },
      {
        "date": "2025-04-29",
        "value": 0.6789631867861318
      },
      {
        "date": "2025-01-29",
        "value": 0.6450150274468252
      },
      {
        "date": "2024-10-31",
        "value": 0.6127642760744838
      },
      {
        "date": "2024-08-02",
        "value": 0.5821260622707597
      },
      {
        "date": "2024-05-04",
        "value": 0.5530197591572216
      },
      {
        "date": "2024-02-04",
        "value": 0.5253687711993604
      },
      {
        "date": "2023-11-06",
        "value": 0.49910033263939246
      }
    ],
    "earnings_dates": [
      "2025-07-28",
      "2025-04-29",
      "2025-01-29",
      "2024-10-31",
      "2024-08-02",
      "2024-05-04",
      "2024-02-04",
      "2023-11-06"
    ]
  },
  "analysis": {
    "avg_revenue_growth": 16.810283451222887,
    "avg_earnings_surprise": 2.2806000522260788,
    "consistency_score": 82,
    "trend_direction": "growing"
  }
}