{
  "ticker": "MSI",
  "quarters": [
    {
      "date": "2025-07-28",
      "quarter": "Q3 2025",
      "revenue": 82712757.7704176,
      "earnings": 14113323.648203194,
      "eps_actual": 0.004446116544216756,
      "eps_estimate": 0.004403698485857674,
      "surprise_percent": 0.9632371175117066,
      "price_on_date": 0.51905400411026,
      "revenue_growth": 18.9210477937497,
      "earnings_growth": 13.332563908649282
    },
    {
      "date": "2025-04-29",
      "quarter": "Q2 2025",
      "revenue": 78577119.88189672,
      "earnings": 13407657.465793034,
      "eps_actual": 0.004223810717005918,
      "eps_estimate": 0.004227381070561518,
      "surprise_percent": -0.08445781196455904,
      "price_on_date": 0.5094607282229843,
      "revenue_growth": 16.28609434132473,
      "earnings_growth": 19.221679877608196
    },
    {
      "date": "2025-01-29",
      "quarter": "Q1 2025",
      "revenue": 74648263.88780189,
      "earnings": 12737274.592503382,
      "eps_actual": 0.0040126201811556215,
      "eps_estimate": 0.004043354791550748,
      "surprise_percent": -0.7601264786199803,
      "price_on_date": 0.5120166312849136,
      "revenue_growth": 14.366836216780728,
      "earnings_growth": 16.88997597277789
    },
    {
      "date": "2024-10-31",
      "quarter": "Q4 2024",
      "revenue": 70915850.69341178,
      "earnings": 12100410.862878213,
      "eps_actual": 0.0038119891720978408,
      "eps_estimate": 0.0037654482281658315,
      "surprise_percent": 1.2360001017642346,
      "price_on_date": 0.47036526250838745,
      "revenue_growth": 14.949470144760584,
      "earnings_growth": 14.6137075016826
    },
    {
      "date": "2024-08-02",
      "quarter": "Q3 2024",
      "revenue": 67370058.15874119,
      "earnings": 11495390.319734301,
      "eps_actual": 0.0036213897134929483,
      "eps_estimate": 0.0035273311930748108,
      "surprise_percent": 2.6665633383902856,
      "price_on_date": 0.4365155548053641,
      "revenue_growth": 18.216158549399488,
      "earnings_growth": 12.894588617525487
    },
    {
      "date": "2024-05-04",
      "quarter": "Q2 2024",
      "revenue": 64001555.25080412,
      "earnings": 10920620.803747583,
      "eps_actual": 0.0034403202278183,
      "eps_estimate": 0.0034897609665572736,
      "surprise_percent": -1.4167371121623842,
      "price_on_date": 0.42128816153332843,
      "revenue_growth": 14.22367270257644,
      "earnings_growth": 18.24276040410802
    },
    {
      "date": "2024-02-04",
      "quarter": "Q1 2024",
      "revenue": 60801477.48826392,
      "earnings": 10374589.763560206,
      "eps_actual": 0.0032683042164273856,
      "eps_estimate": 0.0031434771369106065,
      "surprise_percent": 3.9709873519060657,
      "price_on_date": 0.36477174730201317,
      "revenue_growth": 17.92547114814585,
      "earnings_growth": 19.670428075818794
    },
    {
      "date": "2023-11-06",
      "quarter": "Q4 2023",
      "revenue": 57761403.61385071,
      "earnings": 9855860.275382193,
      "eps_actual": 0.0031048890056060152,
      "eps_estimate": 0.0030923436021859344,
      "surprise_percent": 0.405692414362126,
      "price_on_date": 0.40100551024617537,
      "revenue_growth": 13.752152880835029,
      "earnings_growth": 19.67410653395174
    }
  ],
  "metrics": {
    "revenue_trend": [
      {
        "date": "2025-07-28",
        "value": 82712757.7704176
      },
      {
        "date": "2025-04-29",
        "value": 78577119.88189672
      },
      {
        "date": "2025-01-29",
        "value": 74648263.88780189
      },
      {
        "date": "2024-10-31",
        "value": 70915850.69341178
      },
      {
        "date": "2024-08-02",
        "value": 67370058.15874119
      },
      {
        "date": "2024-05-04",
        "value": 64001555.25080412
      },
      {
        "date": "2024-02-04",
        "value": 60801477.48826392
      },
      {
        "date": "2023-11-06",
        "value": 57761403.61385071
      }
    ],
    "eps_trend": [
      {
        "date": "2025-07-28",
        "value": 0.004446116544216756
      },
      {
        "date": "2025-04-29",
        "value": 0.004223810717005918
      },
      {
        "date": "2025-01-29",
        "value": 0.0040126201811556215
      },
      {
        "date": "2024-10-31",
        "value": 0.0038119891720978408
      },
      {
        "date": "2024-08-02",
        "value": 0.0036213897134929483
      },
      {
        "date": "2024-05-04",
        "value": 0.0034403202278183
      },
      {
        "date": "2024-02-04",
        "value": 0.0032683042164273856
      },
      {
        "date": "2023-11-06",
        "value": 0.0031048890056060152
      }
    ],
    "earnings_dates": [
      "2025-07-28",
      "2025-04-29",
      "2025-01-29",
      "2024-10-31",
      "2024-08-02",
      "2024-05-04",
      "2024-02-04",
      "2023-11-06"
    ]
  },
  "analysis": {
    "avg_revenue_growth": 16.130862124153936,
    "avg_earnings_surprise": 0.33866323217285044,
    "consistency_score": 71,
    "trend_direction": "growing"
  }
}