{
  "ticker": "MTB",
  "quarters": [
    {
      "date": "2025-07-28",
      "quarter": "Q3 2025",
      "revenue": 106895983.12322555,
      "earnings": 1104535.540567298,
      "eps_actual": 0.0007958314760839684,
      "eps_estimate": 0.0007998010895608854,
      "surprise_percent": -0.4963250899166105,
      "price_on_date": 0.9486590795515649,
      "revenue_growth": 11.838337093356687,
      "earnings_growth": 16.99635106597077
    },
    {
      "date": "2025-04-29",
      "quarter": "Q2 2025",
      "revenue": 101551183.96706428,
      "earnings": 1049308.7635389331,
      "eps_actual": 0.00075603990227977,
      "eps_estimate": 0.0007263723957762582,
      "surprise_percent": 4.084338374644152,
      "price_on_date": 0.7704129563899352,
      "revenue_growth": 16.031024717419196,
      "earnings_growth": 14.764606170164276
    },
    {
      "date": "2025-01-29",
      "quarter": "Q1 2025",
      "revenue": 96473624.76871106,
      "earnings": 996843.3253619864,
      "eps_actual": 0.0007182379071657814,
      "eps_estimate": 0.0006940660134244711,
      "surprise_percent": 3.482650536661204,
      "price_on_date": 0.7234638280084457,
      "revenue_growth": 12.551115586453895,
      "earnings_growth": 10.957626694635444
    },
    {
      "date": "2024-10-31",
      "quarter": "Q4 2024",
      "revenue": 91649943.5302755,
      "earnings": 947001.159093887,
      "eps_actual": 0.0006823260118074923,
      "eps_estimate": 0.0006838232811348723,
      "surprise_percent": -0.21895559403814507,
      "price_on_date": 0.8057270341513955,
      "revenue_growth": 11.185775853178685,
      "earnings_growth": 11.163377185351724
    },
    {
      "date": "2024-08-02",
      "quarter": "Q3 2024",
      "revenue": 87067446.35376172,
      "earnings": 899651.1011391926,
      "eps_actual": 0.0006482097112171177,
      "eps_estimate": 0.0006316174080262045,
      "surprise_percent": 2.626954700752138,
      "price_on_date": 0.6642236843402711,
      "revenue_growth": 15.607266123179446,
      "earnings_growth": 13.483266379837128
    },
    {
      "date": "2024-05-04",
      "quarter": "Q2 2024",
      "revenue": 82714074.03607363,
      "earnings": 854668.5460822328,
      "eps_actual": 0.0006157992256562617,
      "eps_estimate": 0.0006177269576752164,
      "surprise_percent": -0.31206862433358695,
      "price_on_date": 0.6463574118389681,
      "revenue_growth": 14.807280035373227,
      "earnings_growth": 17.742851743765634
    },
    {
      "date": "2024-02-04",
      "quarter": "Q1 2024",
      "revenue": 78578370.33426994,
      "earnings": 811935.1187781212,
      "eps_actual": 0.0005850092643734486,
      "eps_estimate": 0.0005689858154251187,
      "surprise_percent": 2.816142074887745,
      "price_on_date": 0.5963230151208281,
      "revenue_growth": 13.481311440735638,
      "earnings_growth": 14.488645141159996
    },
    {
      "date": "2023-11-06",
      "quarter": "Q4 2023",
      "revenue": 74649451.81755644,
      "earnings": 771338.3628392151,
      "eps_actual": 0.0005557588011547761,
      "eps_estimate": 0.0005501630597158253,
      "surprise_percent": 1.0171059906932378,
      "price_on_date": 0.5689657811219904,
      "revenue_growth": 11.174654201545131,
      "earnings_growth": 16.58333133506993
    }
  ],
  "metrics": {
    "revenue_trend": [
      {
        "date": "2025-07-28",
        "value": 106895983.12322555
      },
      {
        "date": "2025-04-29",
        "value": 101551183.96706428
      },
      {
        "date": "2025-01-29",
        "value": 96473624.76871106
      },
      {
        "date": "2024-10-31",
        "value": 91649943.5302755
      },
      {
        "date": "2024-08-02",
        "value": 87067446.35376172
      },
      {
        "date": "2024-05-04",
        "value": 82714074.03607363
      },
      {
        "date": "2024-02-04",
        "value": 78578370.33426994
      },
      {
        "date": "2023-11-06",
        "value": 74649451.81755644
      }
    ],
    "eps_trend": [
      {
        "date": "2025-07-28",
        "value": 0.0007958314760839684
      },
      {
        "date": "2025-04-29",
        "value": 0.00075603990227977
      },
      {
        "date": "2025-01-29",
        "value": 0.0007182379071657814
      },
      {
        "date": "2024-10-31",
        "value": 0.0006823260118074923
      },
      {
        "date": "2024-08-02",
        "value": 0.0006482097112171177
      },
      {
        "date": "2024-05-04",
        "value": 0.0006157992256562617
      },
      {
        "date": "2024-02-04",
        "value": 0.0005850092643734486
      },
      {
        "date": "2023-11-06",
        "value": 0.0005557588011547761
      }
    ],
    "earnings_dates": [
      "2025-07-28",
      "2025-04-29",
      "2025-01-29",
      "2024-10-31",
      "2024-08-02",
      "2024-05-04",
      "2024-02-04",
      "2023-11-06"
    ]
  },
  "analysis": {
    "avg_revenue_growth": 12.901563312602116,
    "avg_earnings_surprise": 1.71292705683765,
    "consistency_score": 92,
    "trend_direction": "growing"
  }
}