{
  "ticker": "MTCH",
  "quarters": [
    {
      "date": "2025-07-28",
      "quarter": "Q3 2025",
      "revenue": 109436587.68410805,
      "earnings": 7280256.868616976,
      "eps_actual": 0.006524739336861403,
      "eps_estimate": 0.006352775979255717,
      "surprise_percent": 2.706901017243696,
      "price_on_date": 1.2240621246801875,
      "revenue_growth": -14.37870623563468,
      "earnings_growth": -10.543327070430657
    },
    {
      "date": "2025-04-29",
      "quarter": "Q2 2025",
      "revenue": 103964758.29990265,
      "earnings": 6916244.025186128,
      "eps_actual": 0.006198502370018334,
      "eps_estimate": 0.006202397655992453,
      "surprise_percent": -0.06280290607222466,
      "price_on_date": 1.0750299803343002,
      "revenue_growth": -15.87637080526467,
      "earnings_growth": -19.076247506705656
    },
    {
      "date": "2025-01-29",
      "quarter": "Q1 2025",
      "revenue": 98766520.38490751,
      "earnings": 6570431.823926821,
      "eps_actual": 0.005888577251517417,
      "eps_estimate": 0.0057084210784504996,
      "surprise_percent": 3.1559720383454835,
      "price_on_date": 0.961323768925365,
      "revenue_growth": -15.452223351686074,
      "earnings_growth": -15.162444467667783
    },
    {
      "date": "2024-10-31",
      "quarter": "Q4 2024",
      "revenue": 93828194.36566213,
      "earnings": 6241910.232730479,
      "eps_actual": 0.005594148388941545,
      "eps_estimate": 0.0056188567835203955,
      "surprise_percent": -0.439740600816131,
      "price_on_date": 0.9605605477687283,
      "revenue_growth": -16.600997200380434,
      "earnings_growth": -19.0318788503069
    },
    {
      "date": "2024-08-02",
      "quarter": "Q3 2024",
      "revenue": 89136784.64737901,
      "earnings": 5929814.7210939545,
      "eps_actual": 0.0053144409694944675,
      "eps_estimate": 0.0053411437423696185,
      "surprise_percent": -0.49994484633181246,
      "price_on_date": 0.9036579713315419,
      "revenue_growth": -17.464147923207133,
      "earnings_growth": -13.533446629614527
    },
    {
      "date": "2024-05-04",
      "quarter": "Q2 2024",
      "revenue": 84679945.41501005,
      "earnings": 5633323.9850392565,
      "eps_actual": 0.005048718921019744,
      "eps_estimate": 0.004929404782644198,
      "surprise_percent": 2.4204573094836066,
      "price_on_date": 0.8082721297295204,
      "revenue_growth": -13.208569879839395,
      "earnings_growth": -18.92429487586983
    },
    {
      "date": "2024-02-04",
      "quarter": "Q1 2024",
      "revenue": 80445948.14425956,
      "earnings": 5351657.785787294,
      "eps_actual": 0.004796282974968757,
      "eps_estimate": 0.004682148536760481,
      "surprise_percent": 2.437650948323897,
      "price_on_date": 0.8627807605088933,
      "revenue_growth": -16.905502483121403,
      "earnings_growth": -18.602890460739108
    },
    {
      "date": "2023-11-06",
      "quarter": "Q4 2023",
      "revenue": 76423650.73704657,
      "earnings": 5084074.896497929,
      "eps_actual": 0.004556468826220319,
      "eps_estimate": 0.0043514110130738505,
      "surprise_percent": 4.7124441366345415,
      "price_on_date": 0.8329158732387985,
      "revenue_growth": -14.637065136876892,
      "earnings_growth": -13.821495664983944
    }
  ],
  "metrics": {
    "revenue_trend": [
      {
        "date": "2025-07-28",
        "value": 109436587.68410805
      },
      {
        "date": "2025-04-29",
        "value": 103964758.29990265
      },
      {
        "date": "2025-01-29",
        "value": 98766520.38490751
      },
      {
        "date": "2024-10-31",
        "value": 93828194.36566213
      },
      {
        "date": "2024-08-02",
        "value": 89136784.64737901
      },
      {
        "date": "2024-05-04",
        "value": 84679945.41501005
      },
      {
        "date": "2024-02-04",
        "value": 80445948.14425956
      },
      {
        "date": "2023-11-06",
        "value": 76423650.73704657
      }
    ],
    "eps_trend": [
      {
        "date": "2025-07-28",
        "value": 0.006524739336861403
      },
      {
        "date": "2025-04-29",
        "value": 0.006198502370018334
      },
      {
        "date": "2025-01-29",
        "value": 0.005888577251517417
      },
      {
        "date": "2024-10-31",
        "value": 0.005594148388941545
      },
      {
        "date": "2024-08-02",
        "value": 0.0053144409694944675
      },
      {
        "date": "2024-05-04",
        "value": 0.005048718921019744
      },
      {
        "date": "2024-02-04",
        "value": 0.004796282974968757
      },
      {
        "date": "2023-11-06",
        "value": 0.004556468826220319
      }
    ],
    "earnings_dates": [
      "2025-07-28",
      "2025-04-29",
      "2025-01-29",
      "2024-10-31",
      "2024-08-02",
      "2024-05-04",
      "2024-02-04",
      "2023-11-06"
    ]
  },
  "analysis": {
    "avg_revenue_growth": -15.577074398241464,
    "avg_earnings_surprise": 1.3400823871752061,
    "consistency_score": 88,
    "trend_direction": "declining"
  }
}