{
  "ticker": "MTD",
  "quarters": [
    {
      "date": "2025-07-28",
      "quarter": "Q3 2025",
      "revenue": 60902238.75640348,
      "earnings": 18821123.860159624,
      "eps_actual": 0.012363317388124679,
      "eps_estimate": 0.012496390413057579,
      "surprise_percent": -1.0648917049986797,
      "price_on_date": 0.2245816395984192,
      "revenue_growth": 33.766215223759886,
      "earnings_growth": 32.76375358271032
    },
    {
      "date": "2025-04-29",
      "quarter": "Q2 2025",
      "revenue": 57857126.81858331,
      "earnings": 17880067.66715164,
      "eps_actual": 0.011745151518718442,
      "eps_estimate": 0.011267607026469357,
      "surprise_percent": 4.2382068448718435,
      "price_on_date": 0.17933804466893696,
      "revenue_growth": 25.564008985897974,
      "earnings_growth": 21.82938036245399
    },
    {
      "date": "2025-01-29",
      "quarter": "Q1 2025",
      "revenue": 54964270.477654144,
      "earnings": 16986064.28379406,
      "eps_actual": 0.01115789394278252,
      "eps_estimate": 0.011196559729367816,
      "surprise_percent": -0.34533631329521386,
      "price_on_date": 0.17646878766053425,
      "revenue_growth": 33.37981891515085,
      "earnings_growth": 33.433630797164795
    },
    {
      "date": "2024-10-31",
      "quarter": "Q4 2024",
      "revenue": 52216056.95377143,
      "earnings": 16136761.069604354,
      "eps_actual": 0.010599999245643393,
      "eps_estimate": 0.010177553855477783,
      "surprise_percent": 4.150755635041331,
      "price_on_date": 0.18664834250776674,
      "revenue_growth": 32.26267847759797,
      "earnings_growth": 38.064744069774264
    },
    {
      "date": "2024-08-02",
      "quarter": "Q3 2024",
      "revenue": 49605254.10608286,
      "earnings": 15329923.016124137,
      "eps_actual": 0.010069999283361223,
      "eps_estimate": 0.010229114660843357,
      "surprise_percent": -1.5555146535918793,
      "price_on_date": 0.16540010270011093,
      "revenue_growth": 32.52233467339015,
      "earnings_growth": 24.69531956297156
    },
    {
      "date": "2024-05-04",
      "quarter": "Q2 2024",
      "revenue": 47124991.40077871,
      "earnings": 14563426.86531793,
      "eps_actual": 0.009566499319193162,
      "eps_estimate": 0.00928428133874198,
      "surprise_percent": 3.0397396433208703,
      "price_on_date": 0.15367793861358156,
      "revenue_growth": 33.43996262002634,
      "earnings_growth": 27.900704528206205
    },
    {
      "date": "2024-02-04",
      "quarter": "Q1 2024",
      "revenue": 44768741.830739774,
      "earnings": 13835255.522052033,
      "eps_actual": 0.009088174353233504,
      "eps_estimate": 0.008831842812031494,
      "surprise_percent": 2.9023562427177003,
      "price_on_date": 0.1412398802594801,
      "revenue_growth": 35.0286253521149,
      "earnings_growth": 35.18120590366969
    },
    {
      "date": "2023-11-06",
      "quarter": "Q4 2023",
      "revenue": 42530304.73920278,
      "earnings": 13143492.74594943,
      "eps_actual": 0.008633765635571828,
      "eps_estimate": 0.008589957575203854,
      "surprise_percent": 0.5099915801031674,
      "price_on_date": 0.1428136373125316,
      "revenue_growth": 26.24467171040713,
      "earnings_growth": 26.966794399626938
    }
  ],
  "metrics": {
    "revenue_trend": [
      {
        "date": "2025-07-28",
        "value": 60902238.75640348
      },
      {
        "date": "2025-04-29",
        "value": 57857126.81858331
      },
      {
        "date": "2025-01-29",
        "value": 54964270.477654144
      },
      {
        "date": "2024-10-31",
        "value": 52216056.95377143
      },
      {
        "date": "2024-08-02",
        "value": 49605254.10608286
      },
      {
        "date": "2024-05-04",
        "value": 47124991.40077871
      },
      {
        "date": "2024-02-04",
        "value": 44768741.830739774
      },
      {
        "date": "2023-11-06",
        "value": 42530304.73920278
      }
    ],
    "eps_trend": [
      {
        "date": "2025-07-28",
        "value": 0.012363317388124679
      },
      {
        "date": "2025-04-29",
        "value": 0.011745151518718442
      },
      {
        "date": "2025-01-29",
        "value": 0.01115789394278252
      },
      {
        "date": "2024-10-31",
        "value": 0.010599999245643393
      },
      {
        "date": "2024-08-02",
        "value": 0.010069999283361223
      },
      {
        "date": "2024-05-04",
        "value": 0.009566499319193162
      },
      {
        "date": "2024-02-04",
        "value": 0.009088174353233504
      },
      {
        "date": "2023-11-06",
        "value": 0.008633765635571828
      }
    ],
    "earnings_dates": [
      "2025-07-28",
      "2025-04-29",
      "2025-01-29",
      "2024-10-31",
      "2024-08-02",
      "2024-05-04",
      "2024-02-04",
      "2023-11-06"
    ]
  },
  "analysis": {
    "avg_revenue_growth": 31.24318040060167,
    "avg_earnings_surprise": 1.7446836154048202,
    "consistency_score": 79,
    "trend_direction": "growing"
  }
}