{
  "ticker": "MU",
  "quarters": [
    {
      "date": "2025-07-28",
      "quarter": "Q3 2025",
      "revenue": 15347235.035492335,
      "earnings": 1430592.5692969395,
      "eps_actual": 0.00035684031253682425,
      "eps_estimate": 0.00035982571715141153,
      "surprise_percent": -0.8296807238297103,
      "price_on_date": 0.16379083788207102,
      "revenue_growth": 34.09149234192215,
      "earnings_growth": 29.965244969366047
    },
    {
      "date": "2025-04-29",
      "quarter": "Q2 2025",
      "revenue": 14579873.283717718,
      "earnings": 1359062.9408320927,
      "eps_actual": 0.00033899829690998306,
      "eps_estimate": 0.0003410935486325568,
      "surprise_percent": -0.6142748026087289,
      "price_on_date": 0.1654141279098657,
      "revenue_growth": 24.49199009970626,
      "earnings_growth": 23.22664695108373
    },
    {
      "date": "2025-01-29",
      "quarter": "Q1 2025",
      "revenue": 13850879.61953183,
      "earnings": 1291109.7937904878,
      "eps_actual": 0.00032204838206448385,
      "eps_estimate": 0.00031267937002855267,
      "surprise_percent": 2.9963639862379283,
      "price_on_date": 0.17148683647846186,
      "revenue_growth": 32.27046121461173,
      "earnings_growth": 26.34549654385591
    },
    {
      "date": "2024-10-31",
      "quarter": "Q4 2024",
      "revenue": 13158335.638555238,
      "earnings": 1226554.3041009633,
      "eps_actual": 0.0003059459629612596,
      "eps_estimate": 0.00030183273144528475,
      "surprise_percent": 1.3627519773217553,
      "price_on_date": 0.16067015578955143,
      "revenue_growth": 24.792200083892084,
      "earnings_growth": 37.12287754733867
    },
    {
      "date": "2024-08-02",
      "quarter": "Q3 2024",
      "revenue": 12500418.856627475,
      "earnings": 1165226.588895915,
      "eps_actual": 0.00029064866481319664,
      "eps_estimate": 0.0002943151179618767,
      "surprise_percent": -1.2457576675198194,
      "price_on_date": 0.1435325061991441,
      "revenue_growth": 33.45428231196627,
      "earnings_growth": 36.72699657869955
    },
    {
      "date": "2024-05-04",
      "quarter": "Q2 2024",
      "revenue": 11875397.9137961,
      "earnings": 1106965.2594511192,
      "eps_actual": 0.0002761162315725368,
      "eps_estimate": 0.00026547970803707894,
      "surprise_percent": 4.006529769865596,
      "price_on_date": 0.13060471438127247,
      "revenue_growth": 30.95115791707058,
      "earnings_growth": 37.73993504122539
    },
    {
      "date": "2024-02-04",
      "quarter": "Q1 2024",
      "revenue": 11281628.018106297,
      "earnings": 1051616.9964785634,
      "eps_actual": 0.00026231041999390996,
      "eps_estimate": 0.00025694694666496623,
      "surprise_percent": 2.0873855083933637,
      "price_on_date": 0.126660195266036,
      "revenue_growth": 33.12554695171168,
      "earnings_growth": 23.234749896283247
    },
    {
      "date": "2023-11-06",
      "quarter": "Q4 2023",
      "revenue": 10717546.61720098,
      "earnings": 999036.1466546351,
      "eps_actual": 0.00024919489899421447,
      "eps_estimate": 0.0002374692459161481,
      "surprise_percent": 4.937756479930363,
      "price_on_date": 0.11924218869052937,
      "revenue_growth": 27.261187816817024,
      "earnings_growth": 33.139924824723806
    }
  ],
  "metrics": {
    "revenue_trend": [
      {
        "date": "2025-07-28",
        "value": 15347235.035492335
      },
      {
        "date": "2025-04-29",
        "value": 14579873.283717718
      },
      {
        "date": "2025-01-29",
        "value": 13850879.61953183
      },
      {
        "date": "2024-10-31",
        "value": 13158335.638555238
      },
      {
        "date": "2024-08-02",
        "value": 12500418.856627475
      },
      {
        "date": "2024-05-04",
        "value": 11875397.9137961
      },
      {
        "date": "2024-02-04",
        "value": 11281628.018106297
      },
      {
        "date": "2023-11-06",
        "value": 10717546.61720098
      }
    ],
    "eps_trend": [
      {
        "date": "2025-07-28",
        "value": 0.00035684031253682425
      },
      {
        "date": "2025-04-29",
        "value": 0.00033899829690998306
      },
      {
        "date": "2025-01-29",
        "value": 0.00032204838206448385
      },
      {
        "date": "2024-10-31",
        "value": 0.0003059459629612596
      },
      {
        "date": "2024-08-02",
        "value": 0.00029064866481319664
      },
      {
        "date": "2024-05-04",
        "value": 0.0002761162315725368
      },
      {
        "date": "2024-02-04",
        "value": 0.00026231041999390996
      },
      {
        "date": "2023-11-06",
        "value": 0.00024919489899421447
      }
    ],
    "earnings_dates": [
      "2025-07-28",
      "2025-04-29",
      "2025-01-29",
      "2024-10-31",
      "2024-08-02",
      "2024-05-04",
      "2024-02-04",
      "2023-11-06"
    ]
  },
  "analysis": {
    "avg_revenue_growth": 28.911535935033054,
    "avg_earnings_surprise": 0.7287901092803111,
    "consistency_score": 86,
    "trend_direction": "growing"
  }
}