{
  "ticker": "NCLH",
  "quarters": [
    {
      "date": "2025-07-28",
      "quarter": "Q3 2025",
      "revenue": 57324158.48788137,
      "earnings": 19555833.41722588,
      "eps_actual": 0.01755604673340873,
      "eps_estimate": 0.017061332219394425,
      "surprise_percent": 2.899624177366045,
      "price_on_date": 0.4235302491177756,
      "revenue_growth": 36.84526637691257,
      "earnings_growth": 35.93759395953997
    },
    {
      "date": "2025-04-29",
      "quarter": "Q2 2025",
      "revenue": 54457950.5634873,
      "earnings": 18578041.746364582,
      "eps_actual": 0.01667824439673829,
      "eps_estimate": 0.016127916571444557,
      "surprise_percent": 3.41226855220792,
      "price_on_date": 0.4366353226706614,
      "revenue_growth": 37.047822608644694,
      "earnings_growth": 41.51446488572544
    },
    {
      "date": "2025-01-29",
      "quarter": "Q1 2025",
      "revenue": 51735053.035312936,
      "earnings": 17649139.659046356,
      "eps_actual": 0.015844332176901378,
      "eps_estimate": 0.015248472181935353,
      "surprise_percent": 3.9076701446321422,
      "price_on_date": 0.40922580988394547,
      "revenue_growth": 31.006416649642624,
      "earnings_growth": 29.09620377281233
    },
    {
      "date": "2024-10-31",
      "quarter": "Q4 2024",
      "revenue": 49148300.38354728,
      "earnings": 16766682.676094035,
      "eps_actual": 0.015052115568056306,
      "eps_estimate": 0.01524009332896907,
      "surprise_percent": -1.2334423212189076,
      "price_on_date": 0.37384011968261566,
      "revenue_growth": 33.79648315129434,
      "earnings_growth": 45.34540650539938
    },
    {
      "date": "2024-08-02",
      "quarter": "Q3 2024",
      "revenue": 46690885.36436992,
      "earnings": 15928348.542289333,
      "eps_actual": 0.014299509789653492,
      "eps_estimate": 0.013811685483540614,
      "surprise_percent": 3.5319679607113694,
      "price_on_date": 0.3386895331832701,
      "revenue_growth": 35.97008248533723,
      "earnings_growth": 31.730002021829307
    },
    {
      "date": "2024-05-04",
      "quarter": "Q2 2024",
      "revenue": 44356341.09615142,
      "earnings": 15131931.115174865,
      "eps_actual": 0.013584534300170816,
      "eps_estimate": 0.012920347424503814,
      "surprise_percent": 5.140627057809232,
      "price_on_date": 0.3607941400602333,
      "revenue_growth": 41.36201043111579,
      "earnings_growth": 32.76776001545756
    },
    {
      "date": "2024-02-04",
      "quarter": "Q1 2024",
      "revenue": 42138524.041343845,
      "earnings": 14375334.55941612,
      "eps_actual": 0.012905307585162274,
      "eps_estimate": 0.012489125637730417,
      "surprise_percent": 3.332354557908726,
      "price_on_date": 0.33126469335793274,
      "revenue_growth": 31.945692752155644,
      "earnings_growth": 38.64388402894447
    },
    {
      "date": "2023-11-06",
      "quarter": "Q4 2023",
      "revenue": 40031597.83927665,
      "earnings": 13656567.831445314,
      "eps_actual": 0.012260042205904159,
      "eps_estimate": 0.012338386600892629,
      "surprise_percent": -0.634964663717071,
      "price_on_date": 0.2782940238646824,
      "revenue_growth": 41.95028551991368,
      "earnings_growth": 30.32568507858558
    }
  ],
  "metrics": {
    "revenue_trend": [
      {
        "date": "2025-07-28",
        "value": 57324158.48788137
      },
      {
        "date": "2025-04-29",
        "value": 54457950.5634873
      },
      {
        "date": "2025-01-29",
        "value": 51735053.035312936
      },
      {
        "date": "2024-10-31",
        "value": 49148300.38354728
      },
      {
        "date": "2024-08-02",
        "value": 46690885.36436992
      },
      {
        "date": "2024-05-04",
        "value": 44356341.09615142
      },
      {
        "date": "2024-02-04",
        "value": 42138524.041343845
      },
      {
        "date": "2023-11-06",
        "value": 40031597.83927665
      }
    ],
    "eps_trend": [
      {
        "date": "2025-07-28",
        "value": 0.01755604673340873
      },
      {
        "date": "2025-04-29",
        "value": 0.01667824439673829
      },
      {
        "date": "2025-01-29",
        "value": 0.015844332176901378
      },
      {
        "date": "2024-10-31",
        "value": 0.015052115568056306
      },
      {
        "date": "2024-08-02",
        "value": 0.014299509789653492
      },
      {
        "date": "2024-05-04",
        "value": 0.013584534300170816
      },
      {
        "date": "2024-02-04",
        "value": 0.012905307585162274
      },
      {
        "date": "2023-11-06",
        "value": 0.012260042205904159
      }
    ],
    "earnings_dates": [
      "2025-07-28",
      "2025-04-29",
      "2025-01-29",
      "2024-10-31",
      "2024-08-02",
      "2024-05-04",
      "2024-02-04",
      "2023-11-06"
    ]
  },
  "analysis": {
    "avg_revenue_growth": 34.67399719662356,
    "avg_earnings_surprise": 2.2465301382468,
    "consistency_score": 77,
    "trend_direction": "growing"
  }
}