{
  "ticker": "NDAQ",
  "quarters": [
    {
      "date": "2025-07-28",
      "quarter": "Q3 2025",
      "revenue": 1468069994.851965,
      "earnings": 71033793.87244493,
      "eps_actual": 0.02203470396266883,
      "eps_estimate": 0.022437352299185028,
      "surprise_percent": -1.794544789185415,
      "price_on_date": 8.512585696458073,
      "revenue_growth": 23.863165234701814,
      "earnings_growth": 26.30353280201739
    },
    {
      "date": "2025-04-29",
      "quarter": "Q2 2025",
      "revenue": 1394666495.1093667,
      "earnings": 67482104.17882267,
      "eps_actual": 0.020932968764535383,
      "eps_estimate": 0.020697991637351545,
      "surprise_percent": 1.1352653498989633,
      "price_on_date": 8.204828355149345,
      "revenue_growth": 23.803067325372943,
      "earnings_growth": 16.861390997647327
    },
    {
      "date": "2025-01-29",
      "quarter": "Q1 2025",
      "revenue": 1324933170.3538983,
      "earnings": 64107998.969881535,
      "eps_actual": 0.019886320326308615,
      "eps_estimate": 0.019417989193692177,
      "surprise_percent": 2.4118415555024217,
      "price_on_date": 7.169759005387623,
      "revenue_growth": 20.696895164991634,
      "earnings_growth": 21.92413465104014
    },
    {
      "date": "2024-10-31",
      "quarter": "Q4 2024",
      "revenue": 1258686511.8362033,
      "earnings": 60902599.02138746,
      "eps_actual": 0.018892004309993184,
      "eps_estimate": 0.019238579277621883,
      "surprise_percent": -1.8014582190683415,
      "price_on_date": 7.28380667628368,
      "revenue_growth": 24.40674622349677,
      "earnings_growth": 16.82990433979787
    },
    {
      "date": "2024-08-02",
      "quarter": "Q3 2024",
      "revenue": 1195752186.244393,
      "earnings": 57857469.07031808,
      "eps_actual": 0.017947404094493524,
      "eps_estimate": 0.01747138217295882,
      "surprise_percent": 2.724580784864643,
      "price_on_date": 7.170987579299338,
      "revenue_growth": 23.934439393067986,
      "earnings_growth": 29.306818034223316
    },
    {
      "date": "2024-05-04",
      "quarter": "Q2 2024",
      "revenue": 1135964576.9321733,
      "earnings": 54964595.61680217,
      "eps_actual": 0.017050033889768845,
      "eps_estimate": 0.016917594986963855,
      "surprise_percent": 0.7828471062644671,
      "price_on_date": 7.27362633590008,
      "revenue_growth": 25.304693490005054,
      "earnings_growth": 20.544229652659098
    },
    {
      "date": "2024-02-04",
      "quarter": "Q1 2024",
      "revenue": 1079166348.0855646,
      "earnings": 52216365.835962065,
      "eps_actual": 0.016197532195280404,
      "eps_estimate": 0.01643364220334966,
      "surprise_percent": -1.4367478928142212,
      "price_on_date": 5.753345920037318,
      "revenue_growth": 22.61975584521748,
      "earnings_growth": 16.849404768613088
    },
    {
      "date": "2023-11-06",
      "quarter": "Q4 2023",
      "revenue": 1025208030.6812863,
      "earnings": 49605547.54416396,
      "eps_actual": 0.015387655585516382,
      "eps_estimate": 0.015235841633195461,
      "surprise_percent": 0.9964264264217103,
      "price_on_date": 6.456472838093558,
      "revenue_growth": 22.45457247058884,
      "earnings_growth": 26.807058926321083
    }
  ],
  "metrics": {
    "revenue_trend": [
      {
        "date": "2025-07-28",
        "value": 1468069994.851965
      },
      {
        "date": "2025-04-29",
        "value": 1394666495.1093667
      },
      {
        "date": "2025-01-29",
        "value": 1324933170.3538983
      },
      {
        "date": "2024-10-31",
        "value": 1258686511.8362033
      },
      {
        "date": "2024-08-02",
        "value": 1195752186.244393
      },
      {
        "date": "2024-05-04",
        "value": 1135964576.9321733
      },
      {
        "date": "2024-02-04",
        "value": 1079166348.0855646
      },
      {
        "date": "2023-11-06",
        "value": 1025208030.6812863
      }
    ],
    "eps_trend": [
      {
        "date": "2025-07-28",
        "value": 0.02203470396266883
      },
      {
        "date": "2025-04-29",
        "value": 0.020932968764535383
      },
      {
        "date": "2025-01-29",
        "value": 0.019886320326308615
      },
      {
        "date": "2024-10-31",
        "value": 0.018892004309993184
      },
      {
        "date": "2024-08-02",
        "value": 0.017947404094493524
      },
      {
        "date": "2024-05-04",
        "value": 0.017050033889768845
      },
      {
        "date": "2024-02-04",
        "value": 0.016197532195280404
      },
      {
        "date": "2023-11-06",
        "value": 0.015387655585516382
      }
    ],
    "earnings_dates": [
      "2025-07-28",
      "2025-04-29",
      "2025-01-29",
      "2024-10-31",
      "2024-08-02",
      "2024-05-04",
      "2024-02-04",
      "2023-11-06"
    ]
  },
  "analysis": {
    "avg_revenue_growth": 23.19246848714079,
    "avg_earnings_surprise": -0.012224025713092834,
    "consistency_score": 69,
    "trend_direction": "growing"
  }
}