{
  "ticker": "NDSN",
  "quarters": [
    {
      "date": "2025-07-28",
      "quarter": "Q3 2025",
      "revenue": 42682131.129391246,
      "earnings": 13580419.697814103,
      "eps_actual": 0.0034577180272100704,
      "eps_estimate": 0.003370973633858664,
      "surprise_percent": 2.573274156763792,
      "price_on_date": 0.4132935022205218,
      "revenue_growth": 46.47796535291277,
      "earnings_growth": 48.08899968212921
    },
    {
      "date": "2025-04-29",
      "quarter": "Q2 2025",
      "revenue": 40548024.57292168,
      "earnings": 12901398.712923398,
      "eps_actual": 0.003284832125849567,
      "eps_estimate": 0.003141702948561006,
      "surprise_percent": 4.555783268883474,
      "price_on_date": 0.4075861624039186,
      "revenue_growth": 48.37839758770125,
      "earnings_growth": 60.524057566952976
    },
    {
      "date": "2025-01-29",
      "quarter": "Q1 2025",
      "revenue": 38520623.3442756,
      "earnings": 12256328.77727723,
      "eps_actual": 0.003120590519557089,
      "eps_estimate": 0.0030015455437767207,
      "surprise_percent": 3.9661225873181003,
      "price_on_date": 0.3714293731799221,
      "revenue_growth": 39.13416114497286,
      "earnings_growth": 53.6419927639849
    },
    {
      "date": "2024-10-31",
      "quarter": "Q4 2024",
      "revenue": 36594592.17706181,
      "earnings": 11643512.338413365,
      "eps_actual": 0.002964560993579234,
      "eps_estimate": 0.0030047706534099376,
      "surprise_percent": -1.338193974474298,
      "price_on_date": 0.36225456629505065,
      "revenue_growth": 42.29371794395004,
      "earnings_growth": 52.151827780904085
    },
    {
      "date": "2024-08-02",
      "quarter": "Q3 2024",
      "revenue": 34764862.568208724,
      "earnings": 11061336.721492698,
      "eps_actual": 0.0028163329439002726,
      "eps_estimate": 0.002732257136048934,
      "surprise_percent": 3.077155760417158,
      "price_on_date": 0.3170775216005654,
      "revenue_growth": 54.26799706234674,
      "earnings_growth": 36.175986633357496
    },
    {
      "date": "2024-05-04",
      "quarter": "Q2 2024",
      "revenue": 33026619.43979828,
      "earnings": 10508269.885418061,
      "eps_actual": 0.002675516296705258,
      "eps_estimate": 0.002556663717285179,
      "surprise_percent": 4.648737282753952,
      "price_on_date": 0.30112262518169103,
      "revenue_growth": 52.652479516731006,
      "earnings_growth": 47.626786745502365
    },
    {
      "date": "2024-02-04",
      "quarter": "Q1 2024",
      "revenue": 31375288.46780837,
      "earnings": 9982856.391147159,
      "eps_actual": 0.0025417404818699955,
      "eps_estimate": 0.002520468087233611,
      "surprise_percent": 0.8439858748512225,
      "price_on_date": 0.33097609789586496,
      "revenue_growth": 52.68645318894891,
      "earnings_growth": 57.99196920232618
    },
    {
      "date": "2023-11-06",
      "quarter": "Q4 2023",
      "revenue": 29806524.044417948,
      "earnings": 9483713.5715898,
      "eps_actual": 0.0024146534577764956,
      "eps_estimate": 0.002431098715939355,
      "surprise_percent": -0.6764537390043905,
      "price_on_date": 0.27559128480332495,
      "revenue_growth": 39.97966563228726,
      "earnings_growth": 52.676836363692615
    }
  ],
  "metrics": {
    "revenue_trend": [
      {
        "date": "2025-07-28",
        "value": 42682131.129391246
      },
      {
        "date": "2025-04-29",
        "value": 40548024.57292168
      },
      {
        "date": "2025-01-29",
        "value": 38520623.3442756
      },
      {
        "date": "2024-10-31",
        "value": 36594592.17706181
      },
      {
        "date": "2024-08-02",
        "value": 34764862.568208724
      },
      {
        "date": "2024-05-04",
        "value": 33026619.43979828
      },
      {
        "date": "2024-02-04",
        "value": 31375288.46780837
      },
      {
        "date": "2023-11-06",
        "value": 29806524.044417948
      }
    ],
    "eps_trend": [
      {
        "date": "2025-07-28",
        "value": 0.0034577180272100704
      },
      {
        "date": "2025-04-29",
        "value": 0.003284832125849567
      },
      {
        "date": "2025-01-29",
        "value": 0.003120590519557089
      },
      {
        "date": "2024-10-31",
        "value": 0.002964560993579234
      },
      {
        "date": "2024-08-02",
        "value": 0.0028163329439002726
      },
      {
        "date": "2024-05-04",
        "value": 0.002675516296705258
      },
      {
        "date": "2024-02-04",
        "value": 0.0025417404818699955
      },
      {
        "date": "2023-11-06",
        "value": 0.0024146534577764956
      }
    ],
    "earnings_dates": [
      "2025-07-28",
      "2025-04-29",
      "2025-01-29",
      "2024-10-31",
      "2024-08-02",
      "2024-05-04",
      "2024-02-04",
      "2023-11-06"
    ]
  },
  "analysis": {
    "avg_revenue_growth": 44.07106050738423,
    "avg_earnings_surprise": 2.439246509622767,
    "consistency_score": 93,
    "trend_direction": "growing"
  }
}