{
  "ticker": "NEE",
  "quarters": [
    {
      "date": "2025-07-28",
      "quarter": "Q3 2025",
      "revenue": 82366190.43508466,
      "earnings": 3081927.1064679124,
      "eps_actual": 0.0013960673418275053,
      "eps_estimate": 0.0013648318069152464,
      "surprise_percent": 2.288599573514965,
      "price_on_date": 0.21920440038434133,
      "revenue_growth": -5.82914809791549,
      "earnings_growth": -5.61939641669986
    },
    {
      "date": "2025-04-29",
      "quarter": "Q2 2025",
      "revenue": 78247880.91333042,
      "earnings": 2927830.7511445167,
      "eps_actual": 0.00132626397473613,
      "eps_estimate": 0.0012907572259685657,
      "surprise_percent": 2.7508464065285794,
      "price_on_date": 0.20668643507485693,
      "revenue_growth": -4.824088863058278,
      "earnings_growth": -5.693708693242821
    },
    {
      "date": "2025-01-29",
      "quarter": "Q1 2025",
      "revenue": 74335486.8676639,
      "earnings": 2781439.213587291,
      "eps_actual": 0.0012599507759993235,
      "eps_estimate": 0.0012324151727194127,
      "surprise_percent": 2.234279801923529,
      "price_on_date": 0.20323980382081344,
      "revenue_growth": -5.011690142872009,
      "earnings_growth": -5.552801773942215
    },
    {
      "date": "2024-10-31",
      "quarter": "Q4 2024",
      "revenue": 70618712.5242807,
      "earnings": 2642367.252907926,
      "eps_actual": 0.0011969532371993571,
      "eps_estimate": 0.0011431135182265397,
      "surprise_percent": 4.709918841336598,
      "price_on_date": 0.19034498180365014,
      "revenue_growth": -5.157180887690218,
      "earnings_growth": -4.220062992319913
    },
    {
      "date": "2024-08-02",
      "quarter": "Q3 2024",
      "revenue": 67087776.89806666,
      "earnings": 2510248.8902625297,
      "eps_actual": 0.0011371055753393892,
      "eps_estimate": 0.001141789930158258,
      "surprise_percent": -0.4102641558784355,
      "price_on_date": 0.17612211201077071,
      "revenue_growth": -4.59897289804587,
      "earnings_growth": -6.2563742833647185
    },
    {
      "date": "2024-05-04",
      "quarter": "Q2 2024",
      "revenue": 63733388.05316332,
      "earnings": 2384736.445749403,
      "eps_actual": 0.0010802502965724197,
      "eps_estimate": 0.0010296363777230048,
      "surprise_percent": 4.915708102829982,
      "price_on_date": 0.18257973543463724,
      "revenue_growth": -4.779522793122072,
      "earnings_growth": -5.701752362623519
    },
    {
      "date": "2024-02-04",
      "quarter": "Q1 2024",
      "revenue": 60546718.650505155,
      "earnings": 2265499.623461933,
      "eps_actual": 0.0010262377817437988,
      "eps_estimate": 0.000975373183014273,
      "surprise_percent": 5.214885913957044,
      "price_on_date": 0.1627837417176456,
      "revenue_growth": -6.254280036964608,
      "earnings_growth": -6.477166789553671
    },
    {
      "date": "2023-11-06",
      "quarter": "Q4 2023",
      "revenue": 57519382.71797989,
      "earnings": 2152224.642288836,
      "eps_actual": 0.0009749258926566088,
      "eps_estimate": 0.0009361587592434426,
      "surprise_percent": 4.141085369376432,
      "price_on_date": 0.16469855293352462,
      "revenue_growth": -4.3200925649853685,
      "earnings_growth": -4.741200187969338
    }
  ],
  "metrics": {
    "revenue_trend": [
      {
        "date": "2025-07-28",
        "value": 82366190.43508466
      },
      {
        "date": "2025-04-29",
        "value": 78247880.91333042
      },
      {
        "date": "2025-01-29",
        "value": 74335486.8676639
      },
      {
        "date": "2024-10-31",
        "value": 70618712.5242807
      },
      {
        "date": "2024-08-02",
        "value": 67087776.89806666
      },
      {
        "date": "2024-05-04",
        "value": 63733388.05316332
      },
      {
        "date": "2024-02-04",
        "value": 60546718.650505155
      },
      {
        "date": "2023-11-06",
        "value": 57519382.71797989
      }
    ],
    "eps_trend": [
      {
        "date": "2025-07-28",
        "value": 0.0013960673418275053
      },
      {
        "date": "2025-04-29",
        "value": 0.00132626397473613
      },
      {
        "date": "2025-01-29",
        "value": 0.0012599507759993235
      },
      {
        "date": "2024-10-31",
        "value": 0.0011969532371993571
      },
      {
        "date": "2024-08-02",
        "value": 0.0011371055753393892
      },
      {
        "date": "2024-05-04",
        "value": 0.0010802502965724197
      },
      {
        "date": "2024-02-04",
        "value": 0.0010262377817437988
      },
      {
        "date": "2023-11-06",
        "value": 0.0009749258926566088
      }
    ],
    "earnings_dates": [
      "2025-07-28",
      "2025-04-29",
      "2025-01-29",
      "2024-10-31",
      "2024-08-02",
      "2024-05-04",
      "2024-02-04",
      "2023-11-06"
    ]
  },
  "analysis": {
    "avg_revenue_growth": -5.205526997883998,
    "avg_earnings_surprise": 2.995911155825918,
    "consistency_score": 86,
    "trend_direction": "declining"
  }
}