{
  "ticker": "NEM",
  "quarters": [
    {
      "date": "2025-07-28",
      "quarter": "Q3 2025",
      "revenue": 90310031.22060435,
      "earnings": 6955834.732460198,
      "eps_actual": 0.0020885731020350872,
      "eps_estimate": 0.002111955780412016,
      "surprise_percent": -1.10715757374271,
      "price_on_date": 0.32394489675716975,
      "revenue_growth": 8.736038635631678,
      "earnings_growth": 11.48536686674159
    },
    {
      "date": "2025-04-29",
      "quarter": "Q2 2025",
      "revenue": 85794529.65957412,
      "earnings": 6608042.995837187,
      "eps_actual": 0.0019841444469333325,
      "eps_estimate": 0.0019800015172574082,
      "surprise_percent": 0.20923871218355744,
      "price_on_date": 0.3283045804418979,
      "revenue_growth": 7.573645799240129,
      "earnings_growth": 8.633688281085712
    },
    {
      "date": "2025-01-29",
      "quarter": "Q1 2025",
      "revenue": 81504803.17659542,
      "earnings": 6277640.846045328,
      "eps_actual": 0.001884937224586666,
      "eps_estimate": 0.0018789303615318732,
      "surprise_percent": 0.3196958853704119,
      "price_on_date": 0.27916519613209484,
      "revenue_growth": 7.7053697407992665,
      "earnings_growth": 6.683923872890661
    },
    {
      "date": "2024-10-31",
      "quarter": "Q4 2024",
      "revenue": 77429563.01776564,
      "earnings": 5963758.803743062,
      "eps_actual": 0.0017906903633573327,
      "eps_estimate": 0.0017045093711596316,
      "surprise_percent": 5.056058573562987,
      "price_on_date": 0.2956746753563946,
      "revenue_growth": 8.341027024767484,
      "earnings_growth": 8.568284825107598
    },
    {
      "date": "2024-08-02",
      "quarter": "Q3 2024",
      "revenue": 73558084.86687736,
      "earnings": 5665570.863555909,
      "eps_actual": 0.0017011558451894661,
      "eps_estimate": 0.0016572856172664542,
      "surprise_percent": 2.647113295737883,
      "price_on_date": 0.24395583372966795,
      "revenue_growth": 10.582489083118706,
      "earnings_growth": 8.510164621654548
    },
    {
      "date": "2024-05-04",
      "quarter": "Q2 2024",
      "revenue": 69880180.62353347,
      "earnings": 5382292.320378112,
      "eps_actual": 0.0016160980529299923,
      "eps_estimate": 0.0016192032063275447,
      "surprise_percent": -0.19177045755703193,
      "price_on_date": 0.2703968965883076,
      "revenue_growth": 10.82977628608796,
      "earnings_growth": 11.946348640460359
    },
    {
      "date": "2024-02-04",
      "quarter": "Q1 2024",
      "revenue": 66386171.59235681,
      "earnings": 5113177.704359206,
      "eps_actual": 0.0015352931502834928,
      "eps_estimate": 0.0015065181244289041,
      "surprise_percent": 1.9100351590855744,
      "price_on_date": 0.23805199212224373,
      "revenue_growth": 8.331015744548617,
      "earnings_growth": 9.701933846200921
    },
    {
      "date": "2023-11-06",
      "quarter": "Q4 2023",
      "revenue": 63066863.01273896,
      "earnings": 4857518.819141245,
      "eps_actual": 0.001458528492769318,
      "eps_estimate": 0.001410032296111171,
      "surprise_percent": 3.439367792631276,
      "price_on_date": 0.2330362203730573,
      "revenue_growth": 8.115184261268478,
      "earnings_growth": 10.711534895140696
    }
  ],
  "metrics": {
    "revenue_trend": [
      {
        "date": "2025-07-28",
        "value": 90310031.22060435
      },
      {
        "date": "2025-04-29",
        "value": 85794529.65957412
      },
      {
        "date": "2025-01-29",
        "value": 81504803.17659542
      },
      {
        "date": "2024-10-31",
        "value": 77429563.01776564
      },
      {
        "date": "2024-08-02",
        "value": 73558084.86687736
      },
      {
        "date": "2024-05-04",
        "value": 69880180.62353347
      },
      {
        "date": "2024-02-04",
        "value": 66386171.59235681
      },
      {
        "date": "2023-11-06",
        "value": 63066863.01273896
      }
    ],
    "eps_trend": [
      {
        "date": "2025-07-28",
        "value": 0.0020885731020350872
      },
      {
        "date": "2025-04-29",
        "value": 0.0019841444469333325
      },
      {
        "date": "2025-01-29",
        "value": 0.001884937224586666
      },
      {
        "date": "2024-10-31",
        "value": 0.0017906903633573327
      },
      {
        "date": "2024-08-02",
        "value": 0.0017011558451894661
      },
      {
        "date": "2024-05-04",
        "value": 0.0016160980529299923
      },
      {
        "date": "2024-02-04",
        "value": 0.0015352931502834928
      },
      {
        "date": "2023-11-06",
        "value": 0.001458528492769318
      }
    ],
    "earnings_dates": [
      "2025-07-28",
      "2025-04-29",
      "2025-01-29",
      "2024-10-31",
      "2024-08-02",
      "2024-05-04",
      "2024-02-04",
      "2023-11-06"
    ]
  },
  "analysis": {
    "avg_revenue_growth": 8.089020300109638,
    "avg_earnings_surprise": 1.1194588993435615,
    "consistency_score": 64,
    "trend_direction": "growing"
  }
}