{
  "ticker": "NET",
  "quarters": [
    {
      "date": "2025-07-28",
      "quarter": "Q3 2025",
      "revenue": 155307828.45636174,
      "earnings": 4529958.805390651,
      "eps_actual": 0.0009169158418966849,
      "eps_estimate": 0.0009101956773813373,
      "surprise_percent": 0.7383208558715372,
      "price_on_date": 17.6787014828981,
      "revenue_growth": -5.892667441364751,
      "earnings_growth": -5.009295579735653
    },
    {
      "date": "2025-04-29",
      "quarter": "Q2 2025",
      "revenue": 147542437.03354365,
      "earnings": 4303460.865121118,
      "eps_actual": 0.0008710700498018504,
      "eps_estimate": 0.000831058599124358,
      "surprise_percent": 4.814516174870266,
      "price_on_date": 16.870794688043475,
      "revenue_growth": -6.581045538536153,
      "earnings_growth": -6.161774853613892
    },
    {
      "date": "2025-01-29",
      "quarter": "Q1 2025",
      "revenue": 140165315.18186647,
      "earnings": 4088287.821865062,
      "eps_actual": 0.0008275165473117579,
      "eps_estimate": 0.0008169998157625529,
      "surprise_percent": 1.287237933999918,
      "price_on_date": 17.43605153923279,
      "revenue_growth": -5.024699463249105,
      "earnings_growth": -6.104106367956978
    },
    {
      "date": "2024-10-31",
      "quarter": "Q4 2024",
      "revenue": 133157049.42277312,
      "earnings": 3883873.4307718086,
      "eps_actual": 0.0007861407199461699,
      "eps_estimate": 0.0007895429315274418,
      "surprise_percent": -0.4309090038574656,
      "price_on_date": 16.098908221827465,
      "revenue_growth": -5.91436777908775,
      "earnings_growth": -5.640869755837117
    },
    {
      "date": "2024-08-02",
      "quarter": "Q3 2024",
      "revenue": 126499196.95163447,
      "earnings": 3689679.759233218,
      "eps_actual": 0.0007468336839488614,
      "eps_estimate": 0.0007276239979598903,
      "surprise_percent": 2.640056683511147,
      "price_on_date": 13.784939496320597,
      "revenue_growth": -5.517372463185432,
      "earnings_growth": -4.808562035709832
    },
    {
      "date": "2024-05-04",
      "quarter": "Q2 2024",
      "revenue": 120174237.10405272,
      "earnings": 3505195.7712715566,
      "eps_actual": 0.0007094919997514182,
      "eps_estimate": 0.0006974724005283603,
      "surprise_percent": 1.7233082217952358,
      "price_on_date": 13.31907188791532,
      "revenue_growth": -6.071886827175881,
      "earnings_growth": -5.952538218428924
    },
    {
      "date": "2024-02-04",
      "quarter": "Q1 2024",
      "revenue": 114165525.24885009,
      "earnings": 3329935.982707979,
      "eps_actual": 0.0006740173997638474,
      "eps_estimate": 0.000644910290834569,
      "surprise_percent": 4.513357802309415,
      "price_on_date": 12.73870120859222,
      "revenue_growth": -5.647799075401517,
      "earnings_growth": -6.76052854833558
    },
    {
      "date": "2023-11-06",
      "quarter": "Q4 2023",
      "revenue": 108457248.98640758,
      "earnings": 3163439.1835725796,
      "eps_actual": 0.0006403165297756549,
      "eps_estimate": 0.0006129689427727153,
      "surprise_percent": 4.461496349102938,
      "price_on_date": 11.147474255273202,
      "revenue_growth": -6.564064861605231,
      "earnings_growth": -5.490883017008232
    }
  ],
  "metrics": {
    "revenue_trend": [
      {
        "date": "2025-07-28",
        "value": 155307828.45636174
      },
      {
        "date": "2025-04-29",
        "value": 147542437.03354365
      },
      {
        "date": "2025-01-29",
        "value": 140165315.18186647
      },
      {
        "date": "2024-10-31",
        "value": 133157049.42277312
      },
      {
        "date": "2024-08-02",
        "value": 126499196.95163447
      },
      {
        "date": "2024-05-04",
        "value": 120174237.10405272
      },
      {
        "date": "2024-02-04",
        "value": 114165525.24885009
      },
      {
        "date": "2023-11-06",
        "value": 108457248.98640758
      }
    ],
    "eps_trend": [
      {
        "date": "2025-07-28",
        "value": 0.0009169158418966849
      },
      {
        "date": "2025-04-29",
        "value": 0.0008710700498018504
      },
      {
        "date": "2025-01-29",
        "value": 0.0008275165473117579
      },
      {
        "date": "2024-10-31",
        "value": 0.0007861407199461699
      },
      {
        "date": "2024-08-02",
        "value": 0.0007468336839488614
      },
      {
        "date": "2024-05-04",
        "value": 0.0007094919997514182
      },
      {
        "date": "2024-02-04",
        "value": 0.0006740173997638474
      },
      {
        "date": "2023-11-06",
        "value": 0.0006403165297756549
      }
    ],
    "earnings_dates": [
      "2025-07-28",
      "2025-04-29",
      "2025-01-29",
      "2024-10-31",
      "2024-08-02",
      "2024-05-04",
      "2024-02-04",
      "2023-11-06"
    ]
  },
  "analysis": {
    "avg_revenue_growth": -5.85319505555944,
    "avg_earnings_surprise": 1.6022914902210639,
    "consistency_score": 67,
    "trend_direction": "declining"
  }
}