{
  "ticker": "NFLX",
  "quarters": [
    {
      "date": "2025-07-28",
      "quarter": "Q3 2025",
      "revenue": 27242019143.77828,
      "earnings": 353086283.1591002,
      "eps_actual": 0.14431318755499395,
      "eps_estimate": 0.14491974560345164,
      "surprise_percent": -0.4185475526002045,
      "price_on_date": 565.0134296285439,
      "revenue_growth": -2.02523384839686,
      "earnings_growth": -1.627911976130104
    },
    {
      "date": "2025-04-29",
      "quarter": "Q2 2025",
      "revenue": 25879918186.589363,
      "earnings": 335431969.0011452,
      "eps_actual": 0.13709752817724424,
      "eps_estimate": 0.13339647298271046,
      "surprise_percent": 2.7744775493528087,
      "price_on_date": 504.54429224434944,
      "revenue_growth": -2.3839443140563428,
      "earnings_growth": -1.4708871293049421
    },
    {
      "date": "2025-01-29",
      "quarter": "Q1 2025",
      "revenue": 24585922277.259895,
      "earnings": 318660370.5510879,
      "eps_actual": 0.13024265176838204,
      "eps_estimate": 0.1324515546984867,
      "surprise_percent": -1.6677063060022428,
      "price_on_date": 419.8132612702842,
      "revenue_growth": -2.2279820097460905,
      "earnings_growth": -2.059576849287082
    },
    {
      "date": "2024-10-31",
      "quarter": "Q4 2024",
      "revenue": 23356626163.3969,
      "earnings": 302727352.0235335,
      "eps_actual": 0.12373051917996294,
      "eps_estimate": 0.11990609802744558,
      "surprise_percent": 3.1895134738201456,
      "price_on_date": 449.6306257008963,
      "revenue_growth": -1.7310566077259777,
      "earnings_growth": -2.104499473348011
    },
    {
      "date": "2024-08-02",
      "quarter": "Q3 2024",
      "revenue": 22188794855.227055,
      "earnings": 287590984.42235684,
      "eps_actual": 0.11754399322096479,
      "eps_estimate": 0.11361950508850299,
      "surprise_percent": 3.454061984696067,
      "price_on_date": 381.0464510433654,
      "revenue_growth": -2.0088715332284637,
      "earnings_growth": -2.1418418100365715
    },
    {
      "date": "2024-05-04",
      "quarter": "Q2 2024",
      "revenue": 21079355112.4657,
      "earnings": 273211435.20123893,
      "eps_actual": 0.11166679355991652,
      "eps_estimate": 0.10792421190160115,
      "surprise_percent": 3.467786877820921,
      "price_on_date": 405.5701166751879,
      "revenue_growth": -1.9459386022537948,
      "earnings_growth": -1.598142726934319
    },
    {
      "date": "2024-02-04",
      "quarter": "Q1 2024",
      "revenue": 20025387356.84241,
      "earnings": 259550863.44117695,
      "eps_actual": 0.10608345388192068,
      "eps_estimate": 0.10684215053803396,
      "surprise_percent": -0.7101098698338115,
      "price_on_date": 407.1919358091468,
      "revenue_growth": -2.2828670816123866,
      "earnings_growth": -2.383094934179227
    },
    {
      "date": "2023-11-06",
      "quarter": "Q4 2023",
      "revenue": 19024117989.00029,
      "earnings": 246573320.2691181,
      "eps_actual": 0.10077928118782464,
      "eps_estimate": 0.09681260911410611,
      "surprise_percent": 4.0972680211968076,
      "price_on_date": 325.36984464936927,
      "revenue_growth": -1.706270964524056,
      "earnings_growth": -2.4763928258315153
    }
  ],
  "metrics": {
    "revenue_trend": [
      {
        "date": "2025-07-28",
        "value": 27242019143.77828
      },
      {
        "date": "2025-04-29",
        "value": 25879918186.589363
      },
      {
        "date": "2025-01-29",
        "value": 24585922277.259895
      },
      {
        "date": "2024-10-31",
        "value": 23356626163.3969
      },
      {
        "date": "2024-08-02",
        "value": 22188794855.227055
      },
      {
        "date": "2024-05-04",
        "value": 21079355112.4657
      },
      {
        "date": "2024-02-04",
        "value": 20025387356.84241
      },
      {
        "date": "2023-11-06",
        "value": 19024117989.00029
      }
    ],
    "eps_trend": [
      {
        "date": "2025-07-28",
        "value": 0.14431318755499395
      },
      {
        "date": "2025-04-29",
        "value": 0.13709752817724424
      },
      {
        "date": "2025-01-29",
        "value": 0.13024265176838204
      },
      {
        "date": "2024-10-31",
        "value": 0.12373051917996294
      },
      {
        "date": "2024-08-02",
        "value": 0.11754399322096479
      },
      {
        "date": "2024-05-04",
        "value": 0.11166679355991652
      },
      {
        "date": "2024-02-04",
        "value": 0.10608345388192068
      },
      {
        "date": "2023-11-06",
        "value": 0.10077928118782464
      }
    ],
    "earnings_dates": [
      "2025-07-28",
      "2025-04-29",
      "2025-01-29",
      "2024-10-31",
      "2024-08-02",
      "2024-05-04",
      "2024-02-04",
      "2023-11-06"
    ]
  },
  "analysis": {
    "avg_revenue_growth": -2.0920541949813174,
    "avg_earnings_surprise": 0.9694342911426268,
    "consistency_score": 94,
    "trend_direction": "stable"
  }
}