{
  "ticker": "NI",
  "quarters": [
    {
      "date": "2025-07-28",
      "quarter": "Q3 2025",
      "revenue": 76144797.42346887,
      "earnings": 7388326.401398156,
      "eps_actual": 0.0021718826327043594,
      "eps_estimate": 0.0021824227823817755,
      "surprise_percent": -0.4829563621908865,
      "price_on_date": 0.5563787278779785,
      "revenue_growth": 18.502219715357974,
      "earnings_growth": 22.940451138700922
    },
    {
      "date": "2025-04-29",
      "quarter": "Q2 2025",
      "revenue": 72337557.55229543,
      "earnings": 7018910.081328248,
      "eps_actual": 0.002063288501069141,
      "eps_estimate": 0.001963606335677562,
      "surprise_percent": 5.076484200545362,
      "price_on_date": 0.5572276138099306,
      "revenue_growth": 23.06049530959315,
      "earnings_growth": 15.48291437883053
    },
    {
      "date": "2025-01-29",
      "quarter": "Q1 2025",
      "revenue": 68720679.67468065,
      "earnings": 6667964.577261834,
      "eps_actual": 0.001960124076015684,
      "eps_estimate": 0.0019576147027375126,
      "surprise_percent": 0.1281852488470912,
      "price_on_date": 0.4970097531412137,
      "revenue_growth": 19.35375280679345,
      "earnings_growth": 15.05853700225487
    },
    {
      "date": "2024-10-31",
      "quarter": "Q4 2024",
      "revenue": 65284645.690946616,
      "earnings": 6334566.348398743,
      "eps_actual": 0.0018621178722148999,
      "eps_estimate": 0.0017943800086852168,
      "surprise_percent": 3.775001014379121,
      "price_on_date": 0.45467536726150953,
      "revenue_growth": 24.170894597173337,
      "earnings_growth": 23.864985519753834
    },
    {
      "date": "2024-08-02",
      "quarter": "Q3 2024",
      "revenue": 62020413.40639929,
      "earnings": 6017838.030978806,
      "eps_actual": 0.001769011978604155,
      "eps_estimate": 0.0017253845888773117,
      "surprise_percent": 2.528560299430469,
      "price_on_date": 0.485267146759778,
      "revenue_growth": 19.921646238803245,
      "earnings_growth": 23.75087587020643
    },
    {
      "date": "2024-05-04",
      "quarter": "Q2 2024",
      "revenue": 58919392.73607931,
      "earnings": 5716946.129429865,
      "eps_actual": 0.0016805613796739467,
      "eps_estimate": 0.0017070796461804002,
      "surprise_percent": -1.5534287791309729,
      "price_on_date": 0.43691076720885,
      "revenue_growth": 21.75505169604151,
      "earnings_growth": 26.619051113289466
    },
    {
      "date": "2024-02-04",
      "quarter": "Q1 2024",
      "revenue": 55973423.09927535,
      "earnings": 5431098.822958372,
      "eps_actual": 0.0015965333106902494,
      "eps_estimate": 0.001595326007116424,
      "surprise_percent": 0.07567754605891597,
      "price_on_date": 0.393179829725823,
      "revenue_growth": 20.448739796025873,
      "earnings_growth": 19.461125850211175
    },
    {
      "date": "2023-11-06",
      "quarter": "Q4 2023",
      "revenue": 53174751.944311574,
      "earnings": 5159543.881810452,
      "eps_actual": 0.0015167066451557366,
      "eps_estimate": 0.0014694661513062284,
      "surprise_percent": 3.214806534163137,
      "price_on_date": 0.4208478084475595,
      "revenue_growth": 21.83038097134651,
      "earnings_growth": 17.186722962479575
    }
  ],
  "metrics": {
    "revenue_trend": [
      {
        "date": "2025-07-28",
        "value": 76144797.42346887
      },
      {
        "date": "2025-04-29",
        "value": 72337557.55229543
      },
      {
        "date": "2025-01-29",
        "value": 68720679.67468065
      },
      {
        "date": "2024-10-31",
        "value": 65284645.690946616
      },
      {
        "date": "2024-08-02",
        "value": 62020413.40639929
      },
      {
        "date": "2024-05-04",
        "value": 58919392.73607931
      },
      {
        "date": "2024-02-04",
        "value": 55973423.09927535
      },
      {
        "date": "2023-11-06",
        "value": 53174751.944311574
      }
    ],
    "eps_trend": [
      {
        "date": "2025-07-28",
        "value": 0.0021718826327043594
      },
      {
        "date": "2025-04-29",
        "value": 0.002063288501069141
      },
      {
        "date": "2025-01-29",
        "value": 0.001960124076015684
      },
      {
        "date": "2024-10-31",
        "value": 0.0018621178722148999
      },
      {
        "date": "2024-08-02",
        "value": 0.001769011978604155
      },
      {
        "date": "2024-05-04",
        "value": 0.0016805613796739467
      },
      {
        "date": "2024-02-04",
        "value": 0.0015965333106902494
      },
      {
        "date": "2023-11-06",
        "value": 0.0015167066451557366
      }
    ],
    "earnings_dates": [
      "2025-07-28",
      "2025-04-29",
      "2025-01-29",
      "2024-10-31",
      "2024-08-02",
      "2024-05-04",
      "2024-02-04",
      "2023-11-06"
    ]
  },
  "analysis": {
    "avg_revenue_growth": 21.27184060722948,
    "avg_earnings_surprise": 2.124178525395172,
    "consistency_score": 89,
    "trend_direction": "growing"
  }
}