{
  "ticker": "NIO",
  "quarters": [
    {
      "date": "2025-07-28",
      "quarter": "Q3 2025",
      "revenue": 1086092248.021202,
      "earnings": 331161519.8737161,
      "eps_actual": 0.15036536554885194,
      "eps_estimate": 0.1524953630248596,
      "surprise_percent": -1.3967621268985357,
      "price_on_date": 14.783447176740372,
      "revenue_growth": 30.39112326910738,
      "earnings_growth": 32.994176384548034
    },
    {
      "date": "2025-04-29",
      "quarter": "Q2 2025",
      "revenue": 1031787635.620142,
      "earnings": 314603443.8800303,
      "eps_actual": 0.14284709727140932,
      "eps_estimate": 0.14499482683978507,
      "surprise_percent": -1.4812456521286286,
      "price_on_date": 12.410603097246328,
      "revenue_growth": 22.1855736875458,
      "earnings_growth": 28.69278353630525
    },
    {
      "date": "2025-01-29",
      "quarter": "Q1 2025",
      "revenue": 980198253.8391348,
      "earnings": 298873271.6860288,
      "eps_actual": 0.13570474240783886,
      "eps_estimate": 0.1301377370680528,
      "surprise_percent": 4.277779424483865,
      "price_on_date": 12.544424217508217,
      "revenue_growth": 29.28080870607365,
      "earnings_growth": 23.501480759667782
    },
    {
      "date": "2024-10-31",
      "quarter": "Q4 2024",
      "revenue": 931188341.147178,
      "earnings": 283929608.1017273,
      "eps_actual": 0.12891950528744692,
      "eps_estimate": 0.12958889780846186,
      "surprise_percent": -0.516550825213697,
      "price_on_date": 12.291090120815399,
      "revenue_growth": 24.727413786177905,
      "earnings_growth": 21.642652839426407
    },
    {
      "date": "2024-08-02",
      "quarter": "Q3 2024",
      "revenue": 884628924.0898191,
      "earnings": 269733127.6966409,
      "eps_actual": 0.12247353002307455,
      "eps_estimate": 0.12443718322285002,
      "surprise_percent": -1.5780276834608469,
      "price_on_date": 11.540033815573306,
      "revenue_growth": 31.304019702707574,
      "earnings_growth": 30.57694507934907
    },
    {
      "date": "2024-05-04",
      "quarter": "Q2 2024",
      "revenue": 840397477.885328,
      "earnings": 256246471.31180885,
      "eps_actual": 0.11634985352192082,
      "eps_estimate": 0.11332982057465213,
      "surprise_percent": 2.6648175493045474,
      "price_on_date": 11.108167320655614,
      "revenue_growth": 23.2587330526654,
      "earnings_growth": 26.20690150418721
    },
    {
      "date": "2024-02-04",
      "quarter": "Q1 2024",
      "revenue": 798377603.9910617,
      "earnings": 243434147.7462184,
      "eps_actual": 0.11053236084582478,
      "eps_estimate": 0.11067144782951488,
      "surprise_percent": -0.1256755797614181,
      "price_on_date": 10.342105954669185,
      "revenue_growth": 31.262368409516704,
      "earnings_growth": 33.069242201651235
    },
    {
      "date": "2023-11-06",
      "quarter": "Q4 2023",
      "revenue": 758458723.7915084,
      "earnings": 231262440.35890746,
      "eps_actual": 0.10500574280353353,
      "eps_estimate": 0.10348636081386275,
      "surprise_percent": 1.468195400554895,
      "price_on_date": 10.744019379024587,
      "revenue_growth": 23.470062781343994,
      "earnings_growth": 31.29310905117879
    }
  ],
  "metrics": {
    "revenue_trend": [
      {
        "date": "2025-07-28",
        "value": 1086092248.021202
      },
      {
        "date": "2025-04-29",
        "value": 1031787635.620142
      },
      {
        "date": "2025-01-29",
        "value": 980198253.8391348
      },
      {
        "date": "2024-10-31",
        "value": 931188341.147178
      },
      {
        "date": "2024-08-02",
        "value": 884628924.0898191
      },
      {
        "date": "2024-05-04",
        "value": 840397477.885328
      },
      {
        "date": "2024-02-04",
        "value": 798377603.9910617
      },
      {
        "date": "2023-11-06",
        "value": 758458723.7915084
      }
    ],
    "eps_trend": [
      {
        "date": "2025-07-28",
        "value": 0.15036536554885194
      },
      {
        "date": "2025-04-29",
        "value": 0.14284709727140932
      },
      {
        "date": "2025-01-29",
        "value": 0.13570474240783886
      },
      {
        "date": "2024-10-31",
        "value": 0.12891950528744692
      },
      {
        "date": "2024-08-02",
        "value": 0.12247353002307455
      },
      {
        "date": "2024-05-04",
        "value": 0.11634985352192082
      },
      {
        "date": "2024-02-04",
        "value": 0.11053236084582478
      },
      {
        "date": "2023-11-06",
        "value": 0.10500574280353353
      }
    ],
    "earnings_dates": [
      "2025-07-28",
      "2025-04-29",
      "2025-01-29",
      "2024-10-31",
      "2024-08-02",
      "2024-05-04",
      "2024-02-04",
      "2023-11-06"
    ]
  },
  "analysis": {
    "avg_revenue_growth": 26.646229862226182,
    "avg_earnings_surprise": 0.22080520506075085,
    "consistency_score": 79,
    "trend_direction": "growing"
  }
}