{
  "ticker": "NKE",
  "quarters": [
    {
      "date": "2025-07-28",
      "quarter": "Q3 2025",
      "revenue": 309373576.2943958,
      "earnings": 16953470.237858266,
      "eps_actual": 0.0040914009183193436,
      "eps_estimate": 0.003994771888375296,
      "surprise_percent": 2.4188873018065364,
      "price_on_date": 8.780272922690122,
      "revenue_growth": 47.60393615422648,
      "earnings_growth": 38.66139639662636
    },
    {
      "date": "2025-04-29",
      "quarter": "Q2 2025",
      "revenue": 293904897.479676,
      "earnings": 16105796.72596535,
      "eps_actual": 0.003886830872403376,
      "eps_estimate": 0.0037010418894478153,
      "surprise_percent": 5.019910298374925,
      "price_on_date": 8.523787937465176,
      "revenue_growth": 47.1793530310718,
      "earnings_growth": 41.19554528980691
    },
    {
      "date": "2025-01-29",
      "quarter": "Q1 2025",
      "revenue": 279209652.6056922,
      "earnings": 15300506.889667083,
      "eps_actual": 0.003692489328783207,
      "eps_estimate": 0.003721693436806799,
      "surprise_percent": -0.7846994525333328,
      "price_on_date": 6.786955431556041,
      "revenue_growth": 49.32277559931879,
      "earnings_growth": 60.4566091333476
    },
    {
      "date": "2024-10-31",
      "quarter": "Q4 2024",
      "revenue": 265249169.97540757,
      "earnings": 14535481.545183728,
      "eps_actual": 0.0035078648623440467,
      "eps_estimate": 0.0034624038386572727,
      "surprise_percent": 1.3129902173515349,
      "price_on_date": 6.91501425692151,
      "revenue_growth": 52.20735269311657,
      "earnings_growth": 44.580656699177695
    },
    {
      "date": "2024-08-02",
      "quarter": "Q3 2024",
      "revenue": 251986711.47663718,
      "earnings": 13808707.46792454,
      "eps_actual": 0.0033324716192268443,
      "eps_estimate": 0.003367769727441214,
      "surprise_percent": -1.0481152534496114,
      "price_on_date": 6.381841545449961,
      "revenue_growth": 43.802402983996245,
      "earnings_growth": 52.49502268267416
    },
    {
      "date": "2024-05-04",
      "quarter": "Q2 2024",
      "revenue": 239387375.9028053,
      "earnings": 13118272.094528312,
      "eps_actual": 0.0031658480382655016,
      "eps_estimate": 0.0030255694744996983,
      "surprise_percent": 4.6364350562136565,
      "price_on_date": 6.199672507579879,
      "revenue_growth": 57.14322555378341,
      "earnings_growth": 43.93571465729791
    },
    {
      "date": "2024-02-04",
      "quarter": "Q1 2024",
      "revenue": 227418007.10766503,
      "earnings": 12462358.489801897,
      "eps_actual": 0.0030075556363522264,
      "eps_estimate": 0.003013962619622498,
      "surprise_percent": -0.21257673298795396,
      "price_on_date": 5.499066854587952,
      "revenue_growth": 39.55001543438711,
      "earnings_growth": 55.789821856488224
    },
    {
      "date": "2023-11-06",
      "quarter": "Q4 2023",
      "revenue": 216047106.75228176,
      "earnings": 11839240.5653118,
      "eps_actual": 0.0028571778545346148,
      "eps_estimate": 0.0029018166880290207,
      "surprise_percent": -1.5383064574187706,
      "price_on_date": 5.831792278755171,
      "revenue_growth": 39.7277364749015,
      "earnings_growth": 53.21606789593487
    }
  ],
  "metrics": {
    "revenue_trend": [
      {
        "date": "2025-07-28",
        "value": 309373576.2943958
      },
      {
        "date": "2025-04-29",
        "value": 293904897.479676
      },
      {
        "date": "2025-01-29",
        "value": 279209652.6056922
      },
      {
        "date": "2024-10-31",
        "value": 265249169.97540757
      },
      {
        "date": "2024-08-02",
        "value": 251986711.47663718
      },
      {
        "date": "2024-05-04",
        "value": 239387375.9028053
      },
      {
        "date": "2024-02-04",
        "value": 227418007.10766503
      },
      {
        "date": "2023-11-06",
        "value": 216047106.75228176
      }
    ],
    "eps_trend": [
      {
        "date": "2025-07-28",
        "value": 0.0040914009183193436
      },
      {
        "date": "2025-04-29",
        "value": 0.003886830872403376
      },
      {
        "date": "2025-01-29",
        "value": 0.003692489328783207
      },
      {
        "date": "2024-10-31",
        "value": 0.0035078648623440467
      },
      {
        "date": "2024-08-02",
        "value": 0.0033324716192268443
      },
      {
        "date": "2024-05-04",
        "value": 0.0031658480382655016
      },
      {
        "date": "2024-02-04",
        "value": 0.0030075556363522264
      },
      {
        "date": "2023-11-06",
        "value": 0.0028571778545346148
      }
    ],
    "earnings_dates": [
      "2025-07-28",
      "2025-04-29",
      "2025-01-29",
      "2024-10-31",
      "2024-08-02",
      "2024-05-04",
      "2024-02-04",
      "2023-11-06"
    ]
  },
  "analysis": {
    "avg_revenue_growth": 49.07835436943341,
    "avg_earnings_surprise": 1.9917720912499157,
    "consistency_score": 95,
    "trend_direction": "growing"
  }
}