{
  "ticker": "NOC",
  "quarters": [
    {
      "date": "2025-07-28",
      "quarter": "Q3 2025",
      "revenue": 100544973.27369447,
      "earnings": 4982740.724830852,
      "eps_actual": 0.0010613347427357645,
      "eps_estimate": 0.001051769301416389,
      "surprise_percent": 0.9094619234934946,
      "price_on_date": 0.2479119796402809,
      "revenue_growth": 20.111087476060508,
      "earnings_growth": 18.50686728035364
    },
    {
      "date": "2025-04-29",
      "quarter": "Q2 2025",
      "revenue": 95517724.61000974,
      "earnings": 4733603.688589308,
      "eps_actual": 0.001008268005598976,
      "eps_estimate": 0.0010194791688069645,
      "surprise_percent": -1.099695172889921,
      "price_on_date": 0.22965489725212007,
      "revenue_growth": 21.459152907179615,
      "earnings_growth": 23.39144732256226
    },
    {
      "date": "2025-01-29",
      "quarter": "Q1 2025",
      "revenue": 90741838.37950926,
      "earnings": 4496923.504159844,
      "eps_actual": 0.0009578546053190274,
      "eps_estimate": 0.0009339760164777189,
      "surprise_percent": 2.556659745007287,
      "price_on_date": 0.24109186804884464,
      "revenue_growth": 24.058446324698917,
      "earnings_growth": 22.52171763249133
    },
    {
      "date": "2024-10-31",
      "quarter": "Q4 2024",
      "revenue": 86204746.46053378,
      "earnings": 4272077.3289518505,
      "eps_actual": 0.0009099618750530758,
      "eps_estimate": 0.0008645929773256621,
      "surprise_percent": 5.247428433636796,
      "price_on_date": 0.23828307043687677,
      "revenue_growth": 26.314823362899727,
      "earnings_growth": 21.832354689170618
    },
    {
      "date": "2024-08-02",
      "quarter": "Q3 2024",
      "revenue": 81894509.1375071,
      "earnings": 4058473.4625042584,
      "eps_actual": 0.0008644637813004221,
      "eps_estimate": 0.0008305821676951266,
      "surprise_percent": 4.079260899534758,
      "price_on_date": 0.20964377692713757,
      "revenue_growth": 23.837513616907568,
      "earnings_growth": 16.681131108147213
    },
    {
      "date": "2024-05-04",
      "quarter": "Q2 2024",
      "revenue": 77799783.68063173,
      "earnings": 3855549.7893790444,
      "eps_actual": 0.0008212405922354008,
      "eps_estimate": 0.0008166420769616388,
      "surprise_percent": 0.5631004577759481,
      "price_on_date": 0.20826078220353547,
      "revenue_growth": 20.447135027048944,
      "earnings_growth": 15.974364472845263
    },
    {
      "date": "2024-02-04",
      "quarter": "Q1 2024",
      "revenue": 73909794.49660015,
      "earnings": 3662772.2999100927,
      "eps_actual": 0.0007801785626236309,
      "eps_estimate": 0.000783006620541894,
      "surprise_percent": -0.36117931114117857,
      "price_on_date": 0.1877816118989458,
      "revenue_growth": 23.104239547118418,
      "earnings_growth": 15.747971555983666
    },
    {
      "date": "2023-11-06",
      "quarter": "Q4 2023",
      "revenue": 70214304.77177013,
      "earnings": 3479633.684914588,
      "eps_actual": 0.0007411696344924493,
      "eps_estimate": 0.0007318608768398266,
      "surprise_percent": 1.2719299455953812,
      "price_on_date": 0.1980560067251672,
      "revenue_growth": 17.938955268662703,
      "earnings_growth": 18.898130615806082
    }
  ],
  "metrics": {
    "revenue_trend": [
      {
        "date": "2025-07-28",
        "value": 100544973.27369447
      },
      {
        "date": "2025-04-29",
        "value": 95517724.61000974
      },
      {
        "date": "2025-01-29",
        "value": 90741838.37950926
      },
      {
        "date": "2024-10-31",
        "value": 86204746.46053378
      },
      {
        "date": "2024-08-02",
        "value": 81894509.1375071
      },
      {
        "date": "2024-05-04",
        "value": 77799783.68063173
      },
      {
        "date": "2024-02-04",
        "value": 73909794.49660015
      },
      {
        "date": "2023-11-06",
        "value": 70214304.77177013
      }
    ],
    "eps_trend": [
      {
        "date": "2025-07-28",
        "value": 0.0010613347427357645
      },
      {
        "date": "2025-04-29",
        "value": 0.001008268005598976
      },
      {
        "date": "2025-01-29",
        "value": 0.0009578546053190274
      },
      {
        "date": "2024-10-31",
        "value": 0.0009099618750530758
      },
      {
        "date": "2024-08-02",
        "value": 0.0008644637813004221
      },
      {
        "date": "2024-05-04",
        "value": 0.0008212405922354008
      },
      {
        "date": "2024-02-04",
        "value": 0.0007801785626236309
      },
      {
        "date": "2023-11-06",
        "value": 0.0007411696344924493
      }
    ],
    "earnings_dates": [
      "2025-07-28",
      "2025-04-29",
      "2025-01-29",
      "2024-10-31",
      "2024-08-02",
      "2024-05-04",
      "2024-02-04",
      "2023-11-06"
    ]
  },
  "analysis": {
    "avg_revenue_growth": 22.985877517709692,
    "avg_earnings_surprise": 1.9034637323119141,
    "consistency_score": 67,
    "trend_direction": "growing"
  }
}