{
  "ticker": "NOW",
  "quarters": [
    {
      "date": "2025-07-28",
      "quarter": "Q3 2025",
      "revenue": 117644479119.73051,
      "earnings": 3485887700.0472603,
      "eps_actual": 6.468120662352333,
      "eps_estimate": 6.174260129298324,
      "surprise_percent": 4.759445292231384,
      "price_on_date": 3640.3504639180715,
      "revenue_growth": 22.6201152190702,
      "earnings_growth": 15.267031185466568
    },
    {
      "date": "2025-04-29",
      "quarter": "Q2 2025",
      "revenue": 111762255163.74399,
      "earnings": 3311593315.044897,
      "eps_actual": 6.144714629234716,
      "eps_estimate": 6.191064097717206,
      "surprise_percent": -0.7486510840612942,
      "price_on_date": 3555.9268376122945,
      "revenue_growth": 17.289548602441343,
      "earnings_growth": 15.355654214978268
    },
    {
      "date": "2025-01-29",
      "quarter": "Q1 2025",
      "revenue": 106174142405.5568,
      "earnings": 3146013649.2926526,
      "eps_actual": 5.837478897772981,
      "eps_estimate": 5.703846049319597,
      "surprise_percent": 2.342855106850671,
      "price_on_date": 3470.9956233155076,
      "revenue_growth": 20.699880737873148,
      "earnings_growth": 22.044118440140966
    },
    {
      "date": "2024-10-31",
      "quarter": "Q4 2024",
      "revenue": 100865435285.27893,
      "earnings": 2988712966.828019,
      "eps_actual": 5.5456049528843305,
      "eps_estimate": 5.648278754695802,
      "surprise_percent": -1.8177892110248968,
      "price_on_date": 3200.6300295184255,
      "revenue_growth": 19.888795014431487,
      "earnings_growth": 19.617901513348144
    },
    {
      "date": "2024-08-02",
      "quarter": "Q3 2024",
      "revenue": 95822163521.01498,
      "earnings": 2839277318.486618,
      "eps_actual": 5.268324705240114,
      "eps_estimate": 5.139192099907516,
      "surprise_percent": 2.512702440815987,
      "price_on_date": 3377.2347309369216,
      "revenue_growth": 20.168527767970676,
      "earnings_growth": 24.902309670105808
    },
    {
      "date": "2024-05-04",
      "quarter": "Q2 2024",
      "revenue": 91031055344.96422,
      "earnings": 2697313452.562287,
      "eps_actual": 5.0049084699781075,
      "eps_estimate": 4.868212366096312,
      "surprise_percent": 2.807932226494224,
      "price_on_date": 3084.278956610879,
      "revenue_growth": 18.04103083580988,
      "earnings_growth": 24.606181226329873
    },
    {
      "date": "2024-02-04",
      "quarter": "Q1 2024",
      "revenue": 86479502577.71602,
      "earnings": 2562447779.9341726,
      "eps_actual": 4.754663046479203,
      "eps_estimate": 4.703157821619222,
      "surprise_percent": 1.0951200621681152,
      "price_on_date": 2770.462088132656,
      "revenue_growth": 21.493053443566005,
      "earnings_growth": 21.66205590678986
    },
    {
      "date": "2023-11-06",
      "quarter": "Q4 2023",
      "revenue": 82155527448.8302,
      "earnings": 2434325390.9374638,
      "eps_actual": 4.516929894155242,
      "eps_estimate": 4.345448990840601,
      "surprise_percent": 3.9462183004815063,
      "price_on_date": 2995.0524967154447,
      "revenue_growth": 20.64509984153132,
      "earnings_growth": 14.531671084098829
    }
  ],
  "metrics": {
    "revenue_trend": [
      {
        "date": "2025-07-28",
        "value": 117644479119.73051
      },
      {
        "date": "2025-04-29",
        "value": 111762255163.74399
      },
      {
        "date": "2025-01-29",
        "value": 106174142405.5568
      },
      {
        "date": "2024-10-31",
        "value": 100865435285.27893
      },
      {
        "date": "2024-08-02",
        "value": 95822163521.01498
      },
      {
        "date": "2024-05-04",
        "value": 91031055344.96422
      },
      {
        "date": "2024-02-04",
        "value": 86479502577.71602
      },
      {
        "date": "2023-11-06",
        "value": 82155527448.8302
      }
    ],
    "eps_trend": [
      {
        "date": "2025-07-28",
        "value": 6.468120662352333
      },
      {
        "date": "2025-04-29",
        "value": 6.144714629234716
      },
      {
        "date": "2025-01-29",
        "value": 5.837478897772981
      },
      {
        "date": "2024-10-31",
        "value": 5.5456049528843305
      },
      {
        "date": "2024-08-02",
        "value": 5.268324705240114
      },
      {
        "date": "2024-05-04",
        "value": 5.0049084699781075
      },
      {
        "date": "2024-02-04",
        "value": 4.754663046479203
      },
      {
        "date": "2023-11-06",
        "value": 4.516929894155242
      }
    ],
    "earnings_dates": [
      "2025-07-28",
      "2025-04-29",
      "2025-01-29",
      "2024-10-31",
      "2024-08-02",
      "2024-05-04",
      "2024-02-04",
      "2023-11-06"
    ]
  },
  "analysis": {
    "avg_revenue_growth": 20.124584893454042,
    "avg_earnings_surprise": 1.133965025998966,
    "consistency_score": 63,
    "trend_direction": "growing"
  }
}