{
  "ticker": "NRG",
  "quarters": [
    {
      "date": "2025-07-28",
      "quarter": "Q3 2025",
      "revenue": 16122924.386005275,
      "earnings": 488743.9875501962,
      "eps_actual": 0.00010208300086409092,
      "eps_estimate": 0.00010354353318970011,
      "surprise_percent": -1.4105490518015973,
      "price_on_date": 0.2951390671397682,
      "revenue_growth": 19.90358647242451,
      "earnings_growth": 25.86927842645644
    },
    {
      "date": "2025-04-29",
      "quarter": "Q2 2025",
      "revenue": 15316778.16670501,
      "earnings": 464306.78817268636,
      "eps_actual": 9.697885082088638e-05,
      "eps_estimate": 9.238332046679308e-05,
      "surprise_percent": 4.974415653034634,
      "price_on_date": 0.2766674998834155,
      "revenue_growth": 23.66874230936608,
      "earnings_growth": 20.883859065110038
    },
    {
      "date": "2025-01-29",
      "quarter": "Q1 2025",
      "revenue": 14550939.25836976,
      "earnings": 441091.44876405207,
      "eps_actual": 9.212990827984206e-05,
      "eps_estimate": 9.292992948976007e-05,
      "surprise_percent": -0.8608864919091156,
      "price_on_date": 0.2352296990621527,
      "revenue_growth": 21.243739209388725,
      "earnings_growth": 31.091790555652928
    },
    {
      "date": "2024-10-31",
      "quarter": "Q4 2024",
      "revenue": 13823392.29545127,
      "earnings": 419036.8763258494,
      "eps_actual": 8.752341286584994e-05,
      "eps_estimate": 8.777745274295112e-05,
      "surprise_percent": -0.28941358989433114,
      "price_on_date": 0.23781879122369515,
      "revenue_growth": 28.137008391816394,
      "earnings_growth": 25.03161399155233
    },
    {
      "date": "2024-08-02",
      "quarter": "Q3 2024",
      "revenue": 13132222.680678707,
      "earnings": 398085.0325095569,
      "eps_actual": 8.314724222255745e-05,
      "eps_estimate": 8.176172701042325e-05,
      "surprise_percent": 1.6945767448840343,
      "price_on_date": 0.22553913926723704,
      "revenue_growth": 23.540510538547835,
      "earnings_growth": 20.143635809250206
    },
    {
      "date": "2024-05-04",
      "quarter": "Q2 2024",
      "revenue": 12475611.54664477,
      "earnings": 378180.780884079,
      "eps_actual": 7.898988011142956e-05,
      "eps_estimate": 7.876030022250353e-05,
      "surprise_percent": 0.2914918915715864,
      "price_on_date": 0.24152458751218456,
      "revenue_growth": 21.23187471499018,
      "earnings_growth": 17.649744806415782
    },
    {
      "date": "2024-02-04",
      "quarter": "Q1 2024",
      "revenue": 11851830.969312532,
      "earnings": 359271.7418398751,
      "eps_actual": 7.504038610585809e-05,
      "eps_estimate": 7.129066155867438e-05,
      "surprise_percent": 5.259769604042134,
      "price_on_date": 0.2237554388643269,
      "revenue_growth": 26.105135175175036,
      "earnings_growth": 21.293397228308663
    },
    {
      "date": "2023-11-06",
      "quarter": "Q4 2023",
      "revenue": 11259239.420846904,
      "earnings": 341308.1547478813,
      "eps_actual": 7.128836680056517e-05,
      "eps_estimate": 7.105915097190043e-05,
      "surprise_percent": 0.3225704578927248,
      "price_on_date": 0.20519454986403163,
      "revenue_growth": 24.995693642947217,
      "earnings_growth": 19.007255429903555
    }
  ],
  "metrics": {
    "revenue_trend": [
      {
        "date": "2025-07-28",
        "value": 16122924.386005275
      },
      {
        "date": "2025-04-29",
        "value": 15316778.16670501
      },
      {
        "date": "2025-01-29",
        "value": 14550939.25836976
      },
      {
        "date": "2024-10-31",
        "value": 13823392.29545127
      },
      {
        "date": "2024-08-02",
        "value": 13132222.680678707
      },
      {
        "date": "2024-05-04",
        "value": 12475611.54664477
      },
      {
        "date": "2024-02-04",
        "value": 11851830.969312532
      },
      {
        "date": "2023-11-06",
        "value": 11259239.420846904
      }
    ],
    "eps_trend": [
      {
        "date": "2025-07-28",
        "value": 0.00010208300086409092
      },
      {
        "date": "2025-04-29",
        "value": 9.697885082088638e-05
      },
      {
        "date": "2025-01-29",
        "value": 9.212990827984206e-05
      },
      {
        "date": "2024-10-31",
        "value": 8.752341286584994e-05
      },
      {
        "date": "2024-08-02",
        "value": 8.314724222255745e-05
      },
      {
        "date": "2024-05-04",
        "value": 7.898988011142956e-05
      },
      {
        "date": "2024-02-04",
        "value": 7.504038610585809e-05
      },
      {
        "date": "2023-11-06",
        "value": 7.128836680056517e-05
      }
    ],
    "earnings_dates": [
      "2025-07-28",
      "2025-04-29",
      "2025-01-29",
      "2024-10-31",
      "2024-08-02",
      "2024-05-04",
      "2024-02-04",
      "2023-11-06"
    ]
  },
  "analysis": {
    "avg_revenue_growth": 23.238269095748926,
    "avg_earnings_surprise": 0.6033916298573975,
    "consistency_score": 71,
    "trend_direction": "growing"
  }
}