{
  "ticker": "NSC",
  "quarters": [
    {
      "date": "2025-07-28",
      "quarter": "Q3 2025",
      "revenue": 77982921.66117768,
      "earnings": 6089019.624373569,
      "eps_actual": 0.00283867725142518,
      "eps_estimate": 0.002871421937192517,
      "surprise_percent": -1.1403648256359173,
      "price_on_date": 0.5622136294236537,
      "revenue_growth": 9.879149955429309,
      "earnings_growth": 9.469087102367707
    },
    {
      "date": "2025-04-29",
      "quarter": "Q2 2025",
      "revenue": 74083775.57811879,
      "earnings": 5784568.64315489,
      "eps_actual": 0.002696743388853921,
      "eps_estimate": 0.002589201841188833,
      "surprise_percent": 4.153463277923133,
      "price_on_date": 0.5803082185674227,
      "revenue_growth": 8.10107613338247,
      "earnings_growth": 7.851297518550509
    },
    {
      "date": "2025-01-29",
      "quarter": "Q1 2025",
      "revenue": 70379586.79921286,
      "earnings": 5495340.210997147,
      "eps_actual": 0.0025619062194112254,
      "eps_estimate": 0.002506578916390251,
      "surprise_percent": 2.207283507381111,
      "price_on_date": 0.5099383488989137,
      "revenue_growth": 9.053056447932947,
      "earnings_growth": 9.192427033440016
    },
    {
      "date": "2024-10-31",
      "quarter": "Q4 2024",
      "revenue": 66860607.4592522,
      "earnings": 5220573.200447288,
      "eps_actual": 0.0024338109084406636,
      "eps_estimate": 0.0023789065881414904,
      "surprise_percent": 2.307964531808999,
      "price_on_date": 0.45916399449230005,
      "revenue_growth": 9.628002098584094,
      "earnings_growth": 9.338870962155081
    },
    {
      "date": "2024-08-02",
      "quarter": "Q3 2024",
      "revenue": 63517577.08628959,
      "earnings": 4959544.540424923,
      "eps_actual": 0.0023121203630186303,
      "eps_estimate": 0.0022530806978354316,
      "surprise_percent": 2.620397273826857,
      "price_on_date": 0.4665023085797056,
      "revenue_growth": 8.999271889140743,
      "earnings_growth": 11.161993556167651
    },
    {
      "date": "2024-05-04",
      "quarter": "Q2 2024",
      "revenue": 60341698.2319751,
      "earnings": 4711567.313403676,
      "eps_actual": 0.0021965143448676983,
      "eps_estimate": 0.0021960851599427474,
      "surprise_percent": 0.01954318223989622,
      "price_on_date": 0.4738638756981851,
      "revenue_growth": 7.977455588737594,
      "earnings_growth": 7.169714579014914
    },
    {
      "date": "2024-02-04",
      "quarter": "Q1 2024",
      "revenue": 57324613.32037635,
      "earnings": 4475988.9477334935,
      "eps_actual": 0.002086688627624314,
      "eps_estimate": 0.002103290784182621,
      "surprise_percent": -0.7893419532458581,
      "price_on_date": 0.451213369866546,
      "revenue_growth": 7.4865402879175615,
      "earnings_growth": 7.285868118032607
    },
    {
      "date": "2023-11-06",
      "quarter": "Q4 2023",
      "revenue": 54458382.65435753,
      "earnings": 4252189.500346818,
      "eps_actual": 0.0019823541962430977,
      "eps_estimate": 0.001998608211566256,
      "surprise_percent": -0.8132667137607994,
      "price_on_date": 0.43838865296996904,
      "revenue_growth": 8.785750292862078,
      "earnings_growth": 11.050182165007744
    }
  ],
  "metrics": {
    "revenue_trend": [
      {
        "date": "2025-07-28",
        "value": 77982921.66117768
      },
      {
        "date": "2025-04-29",
        "value": 74083775.57811879
      },
      {
        "date": "2025-01-29",
        "value": 70379586.79921286
      },
      {
        "date": "2024-10-31",
        "value": 66860607.4592522
      },
      {
        "date": "2024-08-02",
        "value": 63517577.08628959
      },
      {
        "date": "2024-05-04",
        "value": 60341698.2319751
      },
      {
        "date": "2024-02-04",
        "value": 57324613.32037635
      },
      {
        "date": "2023-11-06",
        "value": 54458382.65435753
      }
    ],
    "eps_trend": [
      {
        "date": "2025-07-28",
        "value": 0.00283867725142518
      },
      {
        "date": "2025-04-29",
        "value": 0.002696743388853921
      },
      {
        "date": "2025-01-29",
        "value": 0.0025619062194112254
      },
      {
        "date": "2024-10-31",
        "value": 0.0024338109084406636
      },
      {
        "date": "2024-08-02",
        "value": 0.0023121203630186303
      },
      {
        "date": "2024-05-04",
        "value": 0.0021965143448676983
      },
      {
        "date": "2024-02-04",
        "value": 0.002086688627624314
      },
      {
        "date": "2023-11-06",
        "value": 0.0019823541962430977
      }
    ],
    "earnings_dates": [
      "2025-07-28",
      "2025-04-29",
      "2025-01-29",
      "2024-10-31",
      "2024-08-02",
      "2024-05-04",
      "2024-02-04",
      "2023-11-06"
    ]
  },
  "analysis": {
    "avg_revenue_growth": 9.165321158832207,
    "avg_earnings_surprise": 1.8820866228693314,
    "consistency_score": 75,
    "trend_direction": "growing"
  }
}