{
  "ticker": "NTAP",
  "quarters": [
    {
      "date": "2025-07-28",
      "quarter": "Q3 2025",
      "revenue": 38296620.57513195,
      "earnings": 841861.7243586517,
      "eps_actual": 0.002033831818731393,
      "eps_estimate": 0.0019851997818871227,
      "surprise_percent": 2.449730112202646,
      "price_on_date": 1.1431072268000226,
      "revenue_growth": 11.886128874991329,
      "earnings_growth": 14.204058520034607
    },
    {
      "date": "2025-04-29",
      "quarter": "Q2 2025",
      "revenue": 36381789.54637536,
      "earnings": 799768.6381407192,
      "eps_actual": 0.001932140227794823,
      "eps_estimate": 0.0019250818648516375,
      "surprise_percent": 0.36665261213343625,
      "price_on_date": 1.197698735126038,
      "revenue_growth": 14.381762189842222,
      "earnings_growth": 10.090217648771247
    },
    {
      "date": "2025-01-29",
      "quarter": "Q1 2025",
      "revenue": 34562700.069056585,
      "earnings": 759780.2062336832,
      "eps_actual": 0.0018355332164050819,
      "eps_estimate": 0.0018553834904568725,
      "surprise_percent": -1.069874457431046,
      "price_on_date": 1.0639907108356055,
      "revenue_growth": 14.672379350987582,
      "earnings_growth": 10.646689800935016
    },
    {
      "date": "2024-10-31",
      "quarter": "Q4 2024",
      "revenue": 32834565.065603755,
      "earnings": 721791.1959219989,
      "eps_actual": 0.0017437565555848277,
      "eps_estimate": 0.0017577895182175054,
      "surprise_percent": -0.7983300894243555,
      "price_on_date": 1.0882104034952438,
      "revenue_growth": 11.802202478404382,
      "earnings_growth": 9.22149463784661
    },
    {
      "date": "2024-08-02",
      "quarter": "Q3 2024",
      "revenue": 31192836.812323567,
      "earnings": 685701.636125899,
      "eps_actual": 0.0016565687278055864,
      "eps_estimate": 0.0016735242036936514,
      "surprise_percent": -1.0131598844308551,
      "price_on_date": 1.0714976836176253,
      "revenue_growth": 11.518224129851006,
      "earnings_growth": 9.354370823303787
    },
    {
      "date": "2024-05-04",
      "quarter": "Q2 2024",
      "revenue": 29633194.97170738,
      "earnings": 651416.5543196038,
      "eps_actual": 0.0015737402914153065,
      "eps_estimate": 0.0015148816905861072,
      "surprise_percent": 3.885359575930112,
      "price_on_date": 1.0166810557422554,
      "revenue_growth": 10.726220223643823,
      "earnings_growth": 9.849426346993278
    },
    {
      "date": "2024-02-04",
      "quarter": "Q1 2024",
      "revenue": 28151535.223122016,
      "earnings": 618845.7266036237,
      "eps_actual": 0.0014950532768445413,
      "eps_estimate": 0.0014788734494264703,
      "surprise_percent": 1.094064365300882,
      "price_on_date": 0.9364194969971715,
      "revenue_growth": 14.61375655459279,
      "earnings_growth": 16.0474284231345
    },
    {
      "date": "2023-11-06",
      "quarter": "Q4 2023",
      "revenue": 26743958.46196591,
      "earnings": 587903.4402734425,
      "eps_actual": 0.0014203006130023143,
      "eps_estimate": 0.001430534170097951,
      "surprise_percent": -0.7153661415117374,
      "price_on_date": 0.8178975708277515,
      "revenue_growth": 14.180888122294235,
      "earnings_growth": 13.300665359024624
    }
  ],
  "metrics": {
    "revenue_trend": [
      {
        "date": "2025-07-28",
        "value": 38296620.57513195
      },
      {
        "date": "2025-04-29",
        "value": 36381789.54637536
      },
      {
        "date": "2025-01-29",
        "value": 34562700.069056585
      },
      {
        "date": "2024-10-31",
        "value": 32834565.065603755
      },
      {
        "date": "2024-08-02",
        "value": 31192836.812323567
      },
      {
        "date": "2024-05-04",
        "value": 29633194.97170738
      },
      {
        "date": "2024-02-04",
        "value": 28151535.223122016
      },
      {
        "date": "2023-11-06",
        "value": 26743958.46196591
      }
    ],
    "eps_trend": [
      {
        "date": "2025-07-28",
        "value": 0.002033831818731393
      },
      {
        "date": "2025-04-29",
        "value": 0.001932140227794823
      },
      {
        "date": "2025-01-29",
        "value": 0.0018355332164050819
      },
      {
        "date": "2024-10-31",
        "value": 0.0017437565555848277
      },
      {
        "date": "2024-08-02",
        "value": 0.0016565687278055864
      },
      {
        "date": "2024-05-04",
        "value": 0.0015737402914153065
      },
      {
        "date": "2024-02-04",
        "value": 0.0014950532768445413
      },
      {
        "date": "2023-11-06",
        "value": 0.0014203006130023143
      }
    ],
    "earnings_dates": [
      "2025-07-28",
      "2025-04-29",
      "2025-01-29",
      "2024-10-31",
      "2024-08-02",
      "2024-05-04",
      "2024-02-04",
      "2023-11-06"
    ]
  },
  "analysis": {
    "avg_revenue_growth": 13.185618223556379,
    "avg_earnings_surprise": 0.2370445443701702,
    "consistency_score": 64,
    "trend_direction": "growing"
  }
}