{
  "ticker": "NTRS",
  "quarters": [
    {
      "date": "2025-07-28",
      "quarter": "Q3 2025",
      "revenue": 42652642.496926665,
      "earnings": 1479850.5769071116,
      "eps_actual": 0.0003273422941822612,
      "eps_estimate": 0.00032313795306020045,
      "surprise_percent": 1.3010979002139857,
      "price_on_date": 0.15378435756299919,
      "revenue_growth": -4.140940065226421,
      "earnings_growth": -6.244499626655134
    },
    {
      "date": "2025-04-29",
      "quarter": "Q2 2025",
      "revenue": 40520010.37208033,
      "earnings": 1405858.048061756,
      "eps_actual": 0.0003109751794731481,
      "eps_estimate": 0.0003066305216706637,
      "surprise_percent": 1.4169032419906238,
      "price_on_date": 0.15806022648235826,
      "revenue_growth": -4.856900058267724,
      "earnings_growth": -4.237850914529305
    },
    {
      "date": "2025-01-29",
      "quarter": "Q1 2025",
      "revenue": 38494009.853476316,
      "earnings": 1335565.1456586681,
      "eps_actual": 0.0002954264204994907,
      "eps_estimate": 0.0002829504074567196,
      "surprise_percent": 4.409257846599656,
      "price_on_date": 0.12955011911479503,
      "revenue_growth": -5.9412460521241455,
      "earnings_growth": -4.885571572159615
    },
    {
      "date": "2024-10-31",
      "quarter": "Q4 2024",
      "revenue": 36569309.360802494,
      "earnings": 1268786.8883757344,
      "eps_actual": 0.00028065509947451607,
      "eps_estimate": 0.00026980173671057537,
      "surprise_percent": 4.022717902510552,
      "price_on_date": 0.1368319336831984,
      "revenue_growth": -5.201303356677533,
      "earnings_growth": -4.701673840382655
    },
    {
      "date": "2024-08-02",
      "quarter": "Q3 2024",
      "revenue": 34740843.89276237,
      "earnings": 1205347.5439569477,
      "eps_actual": 0.0002666223445007903,
      "eps_estimate": 0.000263336820906,
      "surprise_percent": 1.2476506640759892,
      "price_on_date": 0.12288996592665892,
      "revenue_growth": -4.249287382937661,
      "earnings_growth": -4.236785024254677
    },
    {
      "date": "2024-05-04",
      "quarter": "Q2 2024",
      "revenue": 33003801.698124245,
      "earnings": 1145080.1667591003,
      "eps_actual": 0.00025329122727575073,
      "eps_estimate": 0.00024663956747331795,
      "surprise_percent": 2.6969151262205227,
      "price_on_date": 0.11875175713025854,
      "revenue_growth": -5.520210304127374,
      "earnings_growth": -5.404965040156964
    },
    {
      "date": "2024-02-04",
      "quarter": "Q1 2024",
      "revenue": 31353611.613218036,
      "earnings": 1087826.1584211453,
      "eps_actual": 0.00024062666591196324,
      "eps_estimate": 0.0002439189316134174,
      "surprise_percent": -1.349737668854677,
      "price_on_date": 0.12166538860099366,
      "revenue_growth": -5.360214981892231,
      "earnings_growth": -6.649560356085724
    },
    {
      "date": "2023-11-06",
      "quarter": "Q4 2023",
      "revenue": 29785931.03255713,
      "earnings": 1033434.8505000878,
      "eps_actual": 0.000228595332616365,
      "eps_estimate": 0.00022905271332707134,
      "surprise_percent": -0.1996836029849684,
      "price_on_date": 0.10207770264392688,
      "revenue_growth": -5.884546548042045,
      "earnings_growth": -3.908611332079433
    }
  ],
  "metrics": {
    "revenue_trend": [
      {
        "date": "2025-07-28",
        "value": 42652642.496926665
      },
      {
        "date": "2025-04-29",
        "value": 40520010.37208033
      },
      {
        "date": "2025-01-29",
        "value": 38494009.853476316
      },
      {
        "date": "2024-10-31",
        "value": 36569309.360802494
      },
      {
        "date": "2024-08-02",
        "value": 34740843.89276237
      },
      {
        "date": "2024-05-04",
        "value": 33003801.698124245
      },
      {
        "date": "2024-02-04",
        "value": 31353611.613218036
      },
      {
        "date": "2023-11-06",
        "value": 29785931.03255713
      }
    ],
    "eps_trend": [
      {
        "date": "2025-07-28",
        "value": 0.0003273422941822612
      },
      {
        "date": "2025-04-29",
        "value": 0.0003109751794731481
      },
      {
        "date": "2025-01-29",
        "value": 0.0002954264204994907
      },
      {
        "date": "2024-10-31",
        "value": 0.00028065509947451607
      },
      {
        "date": "2024-08-02",
        "value": 0.0002666223445007903
      },
      {
        "date": "2024-05-04",
        "value": 0.00025329122727575073
      },
      {
        "date": "2024-02-04",
        "value": 0.00024062666591196324
      },
      {
        "date": "2023-11-06",
        "value": 0.000228595332616365
      }
    ],
    "earnings_dates": [
      "2025-07-28",
      "2025-04-29",
      "2025-01-29",
      "2024-10-31",
      "2024-08-02",
      "2024-05-04",
      "2024-02-04",
      "2023-11-06"
    ]
  },
  "analysis": {
    "avg_revenue_growth": -5.035097383073957,
    "avg_earnings_surprise": 2.7874942228287045,
    "consistency_score": 72,
    "trend_direction": "declining"
  }
}