{
  "ticker": "NUE",
  "quarters": [
    {
      "date": "2025-07-28",
      "quarter": "Q3 2025",
      "revenue": 97750931.7990976,
      "earnings": 11828343.693300819,
      "eps_actual": 0.003805504899034774,
      "eps_estimate": 0.003860950308752257,
      "surprise_percent": -1.4360560298275686,
      "price_on_date": 0.19950145060830424,
      "revenue_growth": -9.286522150189226,
      "earnings_growth": -9.479047976349023
    },
    {
      "date": "2025-04-29",
      "quarter": "Q2 2025",
      "revenue": 92863385.20914271,
      "earnings": 11236926.508635778,
      "eps_actual": 0.0036152296540830353,
      "eps_estimate": 0.0035354600319077102,
      "surprise_percent": 2.256272775124032,
      "price_on_date": 0.1980502185055071,
      "revenue_growth": -9.453277713606242,
      "earnings_growth": -8.58958025762011
    },
    {
      "date": "2025-01-29",
      "quarter": "Q1 2025",
      "revenue": 88220215.94868557,
      "earnings": 10675080.183203988,
      "eps_actual": 0.003434468171378883,
      "eps_estimate": 0.0033418608658198805,
      "surprise_percent": 2.771129896704493,
      "price_on_date": 0.18684357281160668,
      "revenue_growth": -7.725427332381092,
      "earnings_growth": -7.41901538017165
    },
    {
      "date": "2024-10-31",
      "quarter": "Q4 2024",
      "revenue": 83809205.15125129,
      "earnings": 10141326.174043788,
      "eps_actual": 0.0032627447628099386,
      "eps_estimate": 0.00325628607388194,
      "surprise_percent": 0.19834525534481653,
      "price_on_date": 0.18071501974073978,
      "revenue_growth": -10.748615355127049,
      "earnings_growth": -7.5844494568382075
    },
    {
      "date": "2024-08-02",
      "quarter": "Q3 2024",
      "revenue": 79618744.89368872,
      "earnings": 9634259.865341598,
      "eps_actual": 0.0030996075246694415,
      "eps_estimate": 0.0031468356757430502,
      "surprise_percent": -1.5008140220876633,
      "price_on_date": 0.1586252446760448,
      "revenue_growth": -10.34892905478428,
      "earnings_growth": -9.145991909500111
    },
    {
      "date": "2024-05-04",
      "quarter": "Q2 2024",
      "revenue": 75637807.64900428,
      "earnings": 9152546.872074518,
      "eps_actual": 0.0029446271484359697,
      "eps_estimate": 0.0028910944866801054,
      "surprise_percent": 1.8516399931756231,
      "price_on_date": 0.14613652818443942,
      "revenue_growth": -9.391775626315788,
      "earnings_growth": -8.139434799253483
    },
    {
      "date": "2024-02-04",
      "quarter": "Q1 2024",
      "revenue": 71855917.26655407,
      "earnings": 8694919.528470792,
      "eps_actual": 0.002797395791014171,
      "eps_estimate": 0.00272327998691626,
      "surprise_percent": 2.721563866146465,
      "price_on_date": 0.16357177992497288,
      "revenue_growth": -7.720042067572619,
      "earnings_growth": -11.804646571579054
    },
    {
      "date": "2023-11-06",
      "quarter": "Q4 2023",
      "revenue": 68263121.40322636,
      "earnings": 8260173.552047252,
      "eps_actual": 0.002657526001463462,
      "eps_estimate": 0.002704257326814561,
      "surprise_percent": -1.7280650361090204,
      "price_on_date": 0.1373076022625961,
      "revenue_growth": -10.435256905541072,
      "earnings_growth": -10.090062896290602
    }
  ],
  "metrics": {
    "revenue_trend": [
      {
        "date": "2025-07-28",
        "value": 97750931.7990976
      },
      {
        "date": "2025-04-29",
        "value": 92863385.20914271
      },
      {
        "date": "2025-01-29",
        "value": 88220215.94868557
      },
      {
        "date": "2024-10-31",
        "value": 83809205.15125129
      },
      {
        "date": "2024-08-02",
        "value": 79618744.89368872
      },
      {
        "date": "2024-05-04",
        "value": 75637807.64900428
      },
      {
        "date": "2024-02-04",
        "value": 71855917.26655407
      },
      {
        "date": "2023-11-06",
        "value": 68263121.40322636
      }
    ],
    "eps_trend": [
      {
        "date": "2025-07-28",
        "value": 0.003805504899034774
      },
      {
        "date": "2025-04-29",
        "value": 0.0036152296540830353
      },
      {
        "date": "2025-01-29",
        "value": 0.003434468171378883
      },
      {
        "date": "2024-10-31",
        "value": 0.0032627447628099386
      },
      {
        "date": "2024-08-02",
        "value": 0.0030996075246694415
      },
      {
        "date": "2024-05-04",
        "value": 0.0029446271484359697
      },
      {
        "date": "2024-02-04",
        "value": 0.002797395791014171
      },
      {
        "date": "2023-11-06",
        "value": 0.002657526001463462
      }
    ],
    "earnings_dates": [
      "2025-07-28",
      "2025-04-29",
      "2025-01-29",
      "2024-10-31",
      "2024-08-02",
      "2024-05-04",
      "2024-02-04",
      "2023-11-06"
    ]
  },
  "analysis": {
    "avg_revenue_growth": -9.303460637825902,
    "avg_earnings_surprise": 0.9474229743364433,
    "consistency_score": 87,
    "trend_direction": "declining"
  }
}