{
  "ticker": "NVDA",
  "quarters": [
    {
      "date": "2025-07-28",
      "quarter": "Q3 2025",
      "revenue": 94344877942.80132,
      "earnings": 1526634598.1111827,
      "eps_actual": 0.32445484423829823,
      "eps_estimate": 0.3146670024969987,
      "surprise_percent": 3.1105396065139996,
      "price_on_date": 98.42668181168698,
      "revenue_growth": 18.992967523184838,
      "earnings_growth": 19.45730166900784
    },
    {
      "date": "2025-04-29",
      "quarter": "Q2 2025",
      "revenue": 89627634045.66124,
      "earnings": 1450302868.2056234,
      "eps_actual": 0.3082321020263833,
      "eps_estimate": 0.30066727527616277,
      "surprise_percent": 2.5160126732356325,
      "price_on_date": 88.02393144868806,
      "revenue_growth": 22.08445194116656,
      "earnings_growth": 20.38075393546401
    },
    {
      "date": "2025-01-29",
      "quarter": "Q1 2025",
      "revenue": 85146252343.37819,
      "earnings": 1377787724.7953422,
      "eps_actual": 0.2928204969250641,
      "eps_estimate": 0.28557755087676984,
      "surprise_percent": 2.536244892519477,
      "price_on_date": 81.37168053073897,
      "revenue_growth": 25.247123478284188,
      "earnings_growth": 26.192197495709202
    },
    {
      "date": "2024-10-31",
      "quarter": "Q4 2024",
      "revenue": 80888939726.20927,
      "earnings": 1308898338.5555751,
      "eps_actual": 0.27817947207881094,
      "eps_estimate": 0.2730444484546106,
      "surprise_percent": 1.8806548359667294,
      "price_on_date": 72.90786890441153,
      "revenue_growth": 24.286272729935128,
      "earnings_growth": 21.681755376683135
    },
    {
      "date": "2024-08-02",
      "quarter": "Q3 2024",
      "revenue": 76844492739.8988,
      "earnings": 1243453421.6277962,
      "eps_actual": 0.26427049847487033,
      "eps_estimate": 0.2566988843421188,
      "surprise_percent": 2.949609287222444,
      "price_on_date": 80.09003047061665,
      "revenue_growth": 20.529006733815915,
      "earnings_growth": 23.648487530127174
    },
    {
      "date": "2024-05-04",
      "quarter": "Q2 2024",
      "revenue": 73002268102.90385,
      "earnings": 1181280750.5464063,
      "eps_actual": 0.2510569735511268,
      "eps_estimate": 0.23881847325927774,
      "surprise_percent": 5.124603689498563,
      "price_on_date": 72.0539936903268,
      "revenue_growth": 20.831476732108104,
      "earnings_growth": 30.26505389575981
    },
    {
      "date": "2024-02-04",
      "quarter": "Q1 2024",
      "revenue": 69352154697.75867,
      "earnings": 1122216713.0190861,
      "eps_actual": 0.2385041248735705,
      "eps_estimate": 0.23065427543047792,
      "surprise_percent": 3.4032967429032652,
      "price_on_date": 72.97999651359633,
      "revenue_growth": 25.958285001564967,
      "earnings_growth": 23.944876576786786
    },
    {
      "date": "2023-11-06",
      "quarter": "Q4 2023",
      "revenue": 65884546962.87072,
      "earnings": 1066105877.3681315,
      "eps_actual": 0.2265789186298919,
      "eps_estimate": 0.21773299797616408,
      "surprise_percent": 4.062737727377557,
      "price_on_date": 70.07627048001459,
      "revenue_growth": 23.51084281997673,
      "earnings_growth": 17.701629731585598
    }
  ],
  "metrics": {
    "revenue_trend": [
      {
        "date": "2025-07-28",
        "value": 94344877942.80132
      },
      {
        "date": "2025-04-29",
        "value": 89627634045.66124
      },
      {
        "date": "2025-01-29",
        "value": 85146252343.37819
      },
      {
        "date": "2024-10-31",
        "value": 80888939726.20927
      },
      {
        "date": "2024-08-02",
        "value": 76844492739.8988
      },
      {
        "date": "2024-05-04",
        "value": 73002268102.90385
      },
      {
        "date": "2024-02-04",
        "value": 69352154697.75867
      },
      {
        "date": "2023-11-06",
        "value": 65884546962.87072
      }
    ],
    "eps_trend": [
      {
        "date": "2025-07-28",
        "value": 0.32445484423829823
      },
      {
        "date": "2025-04-29",
        "value": 0.3082321020263833
      },
      {
        "date": "2025-01-29",
        "value": 0.2928204969250641
      },
      {
        "date": "2024-10-31",
        "value": 0.27817947207881094
      },
      {
        "date": "2024-08-02",
        "value": 0.26427049847487033
      },
      {
        "date": "2024-05-04",
        "value": 0.2510569735511268
      },
      {
        "date": "2024-02-04",
        "value": 0.2385041248735705
      },
      {
        "date": "2023-11-06",
        "value": 0.2265789186298919
      }
    ],
    "earnings_dates": [
      "2025-07-28",
      "2025-04-29",
      "2025-01-29",
      "2024-10-31",
      "2024-08-02",
      "2024-05-04",
      "2024-02-04",
      "2023-11-06"
    ]
  },
  "analysis": {
    "avg_revenue_growth": 22.652703918142677,
    "avg_earnings_surprise": 2.5108630020589597,
    "consistency_score": 60,
    "trend_direction": "growing"
  }
}