{
  "ticker": "NVR",
  "quarters": [
    {
      "date": "2025-07-28",
      "quarter": "Q3 2025",
      "revenue": 108065055.43144119,
      "earnings": 20903449.034212165,
      "eps_actual": 0.005450740106849141,
      "eps_estimate": 0.00545887972707349,
      "surprise_percent": -0.14910788717290271,
      "price_on_date": 0.41954970114745027,
      "revenue_growth": 9.285618318053924,
      "earnings_growth": 12.252779179269087
    },
    {
      "date": "2025-04-29",
      "quarter": "Q2 2025",
      "revenue": 102661802.65986912,
      "earnings": 19858276.582501553,
      "eps_actual": 0.0051782031015066825,
      "eps_estimate": 0.005011446854541063,
      "surprise_percent": 3.327507041494719,
      "price_on_date": 0.36818684323234685,
      "revenue_growth": 13.318730542097846,
      "earnings_growth": 8.392304510050682
    },
    {
      "date": "2025-01-29",
      "quarter": "Q1 2025",
      "revenue": 97528712.52687567,
      "earnings": 18865362.753376476,
      "eps_actual": 0.004919292946431349,
      "eps_estimate": 0.004914950468265177,
      "surprise_percent": 0.08835242988123963,
      "price_on_date": 0.4099573779818489,
      "revenue_growth": 10.880584836052806,
      "earnings_growth": 8.569514257077403
    },
    {
      "date": "2024-10-31",
      "quarter": "Q4 2024",
      "revenue": 92652276.90053187,
      "earnings": 17922094.61570765,
      "eps_actual": 0.00467332829910978,
      "eps_estimate": 0.004721151653179478,
      "surprise_percent": -1.0129594976575471,
      "price_on_date": 0.35088454371347766,
      "revenue_growth": 10.486442358472221,
      "earnings_growth": 9.17280621405751
    },
    {
      "date": "2024-08-02",
      "quarter": "Q3 2024",
      "revenue": 88019663.05550528,
      "earnings": 17025989.884922266,
      "eps_actual": 0.004439661884154291,
      "eps_estimate": 0.004314525063608884,
      "surprise_percent": 2.90036142334368,
      "price_on_date": 0.3582525966063358,
      "revenue_growth": 12.063276331664671,
      "earnings_growth": 8.477171764147013
    },
    {
      "date": "2024-05-04",
      "quarter": "Q2 2024",
      "revenue": 83618679.90273,
      "earnings": 16174690.390676152,
      "eps_actual": 0.004217678789946577,
      "eps_estimate": 0.0040568141732436796,
      "surprise_percent": 3.9652941898069685,
      "price_on_date": 0.33391053332861614,
      "revenue_growth": 13.214588855548953,
      "earnings_growth": 13.341779547621217
    },
    {
      "date": "2024-02-04",
      "quarter": "Q1 2024",
      "revenue": 79437745.9075935,
      "earnings": 15365955.871142345,
      "eps_actual": 0.004006794850449248,
      "eps_estimate": 0.003966119266045102,
      "surprise_percent": 1.0255764306529742,
      "price_on_date": 0.32876703725420164,
      "revenue_growth": 9.73165601822112,
      "earnings_growth": 13.118822238332239
    },
    {
      "date": "2023-11-06",
      "quarter": "Q4 2023",
      "revenue": 75465858.61221382,
      "earnings": 14597658.077585226,
      "eps_actual": 0.003806455107926785,
      "eps_estimate": 0.0037821664798392634,
      "surprise_percent": 0.6421882330402814,
      "price_on_date": 0.2729769422691094,
      "revenue_growth": 10.189636591369933,
      "earnings_growth": 9.528430210695667
    }
  ],
  "metrics": {
    "revenue_trend": [
      {
        "date": "2025-07-28",
        "value": 108065055.43144119
      },
      {
        "date": "2025-04-29",
        "value": 102661802.65986912
      },
      {
        "date": "2025-01-29",
        "value": 97528712.52687567
      },
      {
        "date": "2024-10-31",
        "value": 92652276.90053187
      },
      {
        "date": "2024-08-02",
        "value": 88019663.05550528
      },
      {
        "date": "2024-05-04",
        "value": 83618679.90273
      },
      {
        "date": "2024-02-04",
        "value": 79437745.9075935
      },
      {
        "date": "2023-11-06",
        "value": 75465858.61221382
      }
    ],
    "eps_trend": [
      {
        "date": "2025-07-28",
        "value": 0.005450740106849141
      },
      {
        "date": "2025-04-29",
        "value": 0.0051782031015066825
      },
      {
        "date": "2025-01-29",
        "value": 0.004919292946431349
      },
      {
        "date": "2024-10-31",
        "value": 0.00467332829910978
      },
      {
        "date": "2024-08-02",
        "value": 0.004439661884154291
      },
      {
        "date": "2024-05-04",
        "value": 0.004217678789946577
      },
      {
        "date": "2024-02-04",
        "value": 0.004006794850449248
      },
      {
        "date": "2023-11-06",
        "value": 0.003806455107926785
      }
    ],
    "earnings_dates": [
      "2025-07-28",
      "2025-04-29",
      "2025-01-29",
      "2024-10-31",
      "2024-08-02",
      "2024-05-04",
      "2024-02-04",
      "2023-11-06"
    ]
  },
  "analysis": {
    "avg_revenue_growth": 10.992844013669199,
    "avg_earnings_surprise": 0.5634480216363772,
    "consistency_score": 74,
    "trend_direction": "growing"
  }
}