{
  "ticker": "NWS",
  "quarters": [
    {
      "date": "2025-07-28",
      "quarter": "Q3 2025",
      "revenue": 95514450.24713027,
      "earnings": 5000019.139888121,
      "eps_actual": 0.0026384543903805015,
      "eps_estimate": 0.0026689136529209714,
      "surprise_percent": -1.1412606963561363,
      "price_on_date": 0.34210006025707274,
      "revenue_growth": 20.28419717153012,
      "earnings_growth": 19.79157515496679
    },
    {
      "date": "2025-04-29",
      "quarter": "Q2 2025",
      "revenue": 90738727.73477376,
      "earnings": 4750018.182893715,
      "eps_actual": 0.0025065316708614764,
      "eps_estimate": 0.0025265071290897115,
      "surprise_percent": -0.7906353399221214,
      "price_on_date": 0.33929313309743225,
      "revenue_growth": 18.005845104360645,
      "earnings_growth": 17.072583227288938
    },
    {
      "date": "2025-01-29",
      "quarter": "Q1 2025",
      "revenue": 86201791.34803507,
      "earnings": 4512517.273749029,
      "eps_actual": 0.002381205087318403,
      "eps_estimate": 0.0023308723172643622,
      "surprise_percent": 2.1593962775753375,
      "price_on_date": 0.33646937742995126,
      "revenue_growth": 17.917356544371813,
      "earnings_growth": 14.0289326957364
    },
    {
      "date": "2024-10-31",
      "quarter": "Q4 2024",
      "revenue": 81891701.78063332,
      "earnings": 4286891.410061577,
      "eps_actual": 0.0022621448329524824,
      "eps_estimate": 0.0022013402916731617,
      "surprise_percent": 2.762160012666885,
      "price_on_date": 0.3381922008877979,
      "revenue_growth": 18.34154969404566,
      "earnings_growth": 15.94543006036847
    },
    {
      "date": "2024-08-02",
      "quarter": "Q3 2024",
      "revenue": 77797116.69160165,
      "earnings": 4072546.839558499,
      "eps_actual": 0.0021490375913048583,
      "eps_estimate": 0.002151895957713555,
      "surprise_percent": -0.13283013978677613,
      "price_on_date": 0.3089874814155567,
      "revenue_growth": 16.2578594206515,
      "earnings_growth": 21.54203657183258
    },
    {
      "date": "2024-05-04",
      "quarter": "Q2 2024",
      "revenue": 73907260.85702156,
      "earnings": 3868919.4975805734,
      "eps_actual": 0.0020415857117396154,
      "eps_estimate": 0.0020282434713512552,
      "surprise_percent": 0.6578224250105119,
      "price_on_date": 0.2966900833878428,
      "revenue_growth": 18.531582485798495,
      "earnings_growth": 15.615344501044763
    },
    {
      "date": "2024-02-04",
      "quarter": "Q1 2024",
      "revenue": 70211897.81417048,
      "earnings": 3675473.5227015447,
      "eps_actual": 0.0019395064261526344,
      "eps_estimate": 0.001908370687177594,
      "surprise_percent": 1.631535172083828,
      "price_on_date": 0.25106905787949335,
      "revenue_growth": 17.19054249633424,
      "earnings_growth": 15.089219947609717
    },
    {
      "date": "2023-11-06",
      "quarter": "Q4 2023",
      "revenue": 66701302.923461944,
      "earnings": 3491699.8465664666,
      "eps_actual": 0.0018425311048450022,
      "eps_estimate": 0.001875737732519392,
      "surprise_percent": -1.7703235958146737,
      "price_on_date": 0.2461454063930333,
      "revenue_growth": 18.790779791686116,
      "earnings_growth": 22.979804737684866
    }
  ],
  "metrics": {
    "revenue_trend": [
      {
        "date": "2025-07-28",
        "value": 95514450.24713027
      },
      {
        "date": "2025-04-29",
        "value": 90738727.73477376
      },
      {
        "date": "2025-01-29",
        "value": 86201791.34803507
      },
      {
        "date": "2024-10-31",
        "value": 81891701.78063332
      },
      {
        "date": "2024-08-02",
        "value": 77797116.69160165
      },
      {
        "date": "2024-05-04",
        "value": 73907260.85702156
      },
      {
        "date": "2024-02-04",
        "value": 70211897.81417048
      },
      {
        "date": "2023-11-06",
        "value": 66701302.923461944
      }
    ],
    "eps_trend": [
      {
        "date": "2025-07-28",
        "value": 0.0026384543903805015
      },
      {
        "date": "2025-04-29",
        "value": 0.0025065316708614764
      },
      {
        "date": "2025-01-29",
        "value": 0.002381205087318403
      },
      {
        "date": "2024-10-31",
        "value": 0.0022621448329524824
      },
      {
        "date": "2024-08-02",
        "value": 0.0021490375913048583
      },
      {
        "date": "2024-05-04",
        "value": 0.0020415857117396154
      },
      {
        "date": "2024-02-04",
        "value": 0.0019395064261526344
      },
      {
        "date": "2023-11-06",
        "value": 0.0018425311048450022
      }
    ],
    "earnings_dates": [
      "2025-07-28",
      "2025-04-29",
      "2025-01-29",
      "2024-10-31",
      "2024-08-02",
      "2024-05-04",
      "2024-02-04",
      "2023-11-06"
    ]
  },
  "analysis": {
    "avg_revenue_growth": 18.637237128577063,
    "avg_earnings_surprise": 0.7474150634909912,
    "consistency_score": 74,
    "trend_direction": "growing"
  }
}