{
  "ticker": "NWSA",
  "quarters": [
    {
      "date": "2025-07-28",
      "quarter": "Q3 2025",
      "revenue": 68718735.66305616,
      "earnings": 4200834.032162516,
      "eps_actual": 0.002059189053833107,
      "eps_estimate": 0.001975712990877362,
      "surprise_percent": 4.225110800059858,
      "price_on_date": 0.823360371314466,
      "revenue_growth": 44.34916973139584,
      "earnings_growth": 47.30525257816169
    },
    {
      "date": "2025-04-29",
      "quarter": "Q2 2025",
      "revenue": 65282798.879903354,
      "earnings": 3990792.3305543903,
      "eps_actual": 0.001956229601141452,
      "eps_estimate": 0.0018617365659019105,
      "surprise_percent": 5.07553200437704,
      "price_on_date": 0.7203095966983469,
      "revenue_growth": 38.57999810979067,
      "earnings_growth": 48.10050414953184
    },
    {
      "date": "2025-01-29",
      "quarter": "Q1 2025",
      "revenue": 62018658.93590818,
      "earnings": 3791252.714026671,
      "eps_actual": 0.0018584181210843794,
      "eps_estimate": 0.001774641048900777,
      "surprise_percent": 4.72078971888396,
      "price_on_date": 0.7209072528152415,
      "revenue_growth": 34.835049417672344,
      "earnings_growth": 40.720092032667324
    },
    {
      "date": "2024-10-31",
      "quarter": "Q4 2024",
      "revenue": 58917725.98911277,
      "earnings": 3601690.0783253373,
      "eps_actual": 0.0017654972150301603,
      "eps_estimate": 0.0017756568854601236,
      "surprise_percent": -0.5721640545059838,
      "price_on_date": 0.683276577068659,
      "revenue_growth": 43.88910422517828,
      "earnings_growth": 44.62615027840245
    },
    {
      "date": "2024-08-02",
      "quarter": "Q3 2024",
      "revenue": 55971839.68965713,
      "earnings": 3421605.57440907,
      "eps_actual": 0.0016772223542786521,
      "eps_estimate": 0.0016412493230909693,
      "surprise_percent": 2.191807830874511,
      "price_on_date": 0.6688052554653338,
      "revenue_growth": 30.187646385764516,
      "earnings_growth": 34.082639232667994
    },
    {
      "date": "2024-05-04",
      "quarter": "Q2 2024",
      "revenue": 53173247.70517427,
      "earnings": 3250525.295688616,
      "eps_actual": 0.0015933612365647194,
      "eps_estimate": 0.0015499718934251898,
      "surprise_percent": 2.799363222235347,
      "price_on_date": 0.5927447487417212,
      "revenue_growth": 37.02135790872572,
      "earnings_growth": 34.771836663696725
    },
    {
      "date": "2024-02-04",
      "quarter": "Q1 2024",
      "revenue": 50514585.319915555,
      "earnings": 3087999.0309041855,
      "eps_actual": 0.0015136931747364835,
      "eps_estimate": 0.0014718757112201365,
      "surprise_percent": 2.8411001824115796,
      "price_on_date": 0.5403422643788085,
      "revenue_growth": 43.16933900994323,
      "earnings_growth": 35.69285481315584
    },
    {
      "date": "2023-11-06",
      "quarter": "Q4 2023",
      "revenue": 47988856.05391977,
      "earnings": 2933599.079358976,
      "eps_actual": 0.0014380085159996592,
      "eps_estimate": 0.0014380681976933164,
      "surprise_percent": -0.00415012958028942,
      "price_on_date": 0.48500766734066647,
      "revenue_growth": 40.79094765887598,
      "earnings_growth": 30.47092011724989
    }
  ],
  "metrics": {
    "revenue_trend": [
      {
        "date": "2025-07-28",
        "value": 68718735.66305616
      },
      {
        "date": "2025-04-29",
        "value": 65282798.879903354
      },
      {
        "date": "2025-01-29",
        "value": 62018658.93590818
      },
      {
        "date": "2024-10-31",
        "value": 58917725.98911277
      },
      {
        "date": "2024-08-02",
        "value": 55971839.68965713
      },
      {
        "date": "2024-05-04",
        "value": 53173247.70517427
      },
      {
        "date": "2024-02-04",
        "value": 50514585.319915555
      },
      {
        "date": "2023-11-06",
        "value": 47988856.05391977
      }
    ],
    "eps_trend": [
      {
        "date": "2025-07-28",
        "value": 0.002059189053833107
      },
      {
        "date": "2025-04-29",
        "value": 0.001956229601141452
      },
      {
        "date": "2025-01-29",
        "value": 0.0018584181210843794
      },
      {
        "date": "2024-10-31",
        "value": 0.0017654972150301603
      },
      {
        "date": "2024-08-02",
        "value": 0.0016772223542786521
      },
      {
        "date": "2024-05-04",
        "value": 0.0015933612365647194
      },
      {
        "date": "2024-02-04",
        "value": 0.0015136931747364835
      },
      {
        "date": "2023-11-06",
        "value": 0.0014380085159996592
      }
    ],
    "earnings_dates": [
      "2025-07-28",
      "2025-04-29",
      "2025-01-29",
      "2024-10-31",
      "2024-08-02",
      "2024-05-04",
      "2024-02-04",
      "2023-11-06"
    ]
  },
  "analysis": {
    "avg_revenue_growth": 40.41333037100928,
    "avg_earnings_surprise": 3.3623171172037183,
    "consistency_score": 81,
    "trend_direction": "growing"
  }
}