{
  "ticker": "NXPI",
  "quarters": [
    {
      "date": "2025-07-28",
      "quarter": "Q3 2025",
      "revenue": 121296416.52101414,
      "earnings": 15549840.975823244,
      "eps_actual": 0.00797364166620089,
      "eps_estimate": 0.00784557280711948,
      "surprise_percent": 1.6323710483598362,
      "price_on_date": 0.7502463010956254,
      "revenue_growth": 34.40679245570603,
      "earnings_growth": 44.38345867073552
    },
    {
      "date": "2025-04-29",
      "quarter": "Q2 2025",
      "revenue": 115231595.69496343,
      "earnings": 14772348.927032081,
      "eps_actual": 0.007574959582890845,
      "eps_estimate": 0.007619646942996008,
      "surprise_percent": -0.5864754684761361,
      "price_on_date": 0.670863525364196,
      "revenue_growth": 41.42713041685684,
      "earnings_growth": 37.33339862770299
    },
    {
      "date": "2025-01-29",
      "quarter": "Q1 2025",
      "revenue": 109470015.91021526,
      "earnings": 14033731.480680479,
      "eps_actual": 0.007196211603746304,
      "eps_estimate": 0.007323836435194389,
      "surprise_percent": -1.7425953266076353,
      "price_on_date": 0.6896736174356932,
      "revenue_growth": 31.99826686067891,
      "earnings_growth": 30.780616867772174
    },
    {
      "date": "2024-10-31",
      "quarter": "Q4 2024",
      "revenue": 103996515.11470449,
      "earnings": 13332044.906646453,
      "eps_actual": 0.006836401023558987,
      "eps_estimate": 0.006947248729977014,
      "surprise_percent": -1.595562656907981,
      "price_on_date": 0.5608535206033443,
      "revenue_growth": 44.404529581371364,
      "earnings_growth": 39.10491812278327
    },
    {
      "date": "2024-08-02",
      "quarter": "Q3 2024",
      "revenue": 98796689.35896926,
      "earnings": 12665442.66131413,
      "eps_actual": 0.0064945809723810375,
      "eps_estimate": 0.006444615996344937,
      "surprise_percent": 0.7752979551370957,
      "price_on_date": 0.5800863404676081,
      "revenue_growth": 45.08899434335398,
      "earnings_growth": 27.35071708853389
    },
    {
      "date": "2024-05-04",
      "quarter": "Q2 2024",
      "revenue": 93856854.89102077,
      "earnings": 12032170.528248422,
      "eps_actual": 0.006169851923761985,
      "eps_estimate": 0.006280494511325237,
      "surprise_percent": -1.7616859208098443,
      "price_on_date": 0.5461774492012058,
      "revenue_growth": 39.673924077040496,
      "earnings_growth": 35.95618640232852
    },
    {
      "date": "2024-02-04",
      "quarter": "Q1 2024",
      "revenue": 89164012.14646974,
      "earnings": 11430562.001836,
      "eps_actual": 0.0058613593275738856,
      "eps_estimate": 0.0057358584799478765,
      "surprise_percent": 2.1880046041015557,
      "price_on_date": 0.536795310103627,
      "revenue_growth": 46.335194630506145,
      "earnings_growth": 44.373196858902986
    },
    {
      "date": "2023-11-06",
      "quarter": "Q4 2023",
      "revenue": 84705811.53914624,
      "earnings": 10859033.9017442,
      "eps_actual": 0.005568291361195191,
      "eps_estimate": 0.005437501261618269,
      "surprise_percent": 2.405334606543114,
      "price_on_date": 0.49512018607911606,
      "revenue_growth": 45.03968174099663,
      "earnings_growth": 38.70728851751945
    }
  ],
  "metrics": {
    "revenue_trend": [
      {
        "date": "2025-07-28",
        "value": 121296416.52101414
      },
      {
        "date": "2025-04-29",
        "value": 115231595.69496343
      },
      {
        "date": "2025-01-29",
        "value": 109470015.91021526
      },
      {
        "date": "2024-10-31",
        "value": 103996515.11470449
      },
      {
        "date": "2024-08-02",
        "value": 98796689.35896926
      },
      {
        "date": "2024-05-04",
        "value": 93856854.89102077
      },
      {
        "date": "2024-02-04",
        "value": 89164012.14646974
      },
      {
        "date": "2023-11-06",
        "value": 84705811.53914624
      }
    ],
    "eps_trend": [
      {
        "date": "2025-07-28",
        "value": 0.00797364166620089
      },
      {
        "date": "2025-04-29",
        "value": 0.007574959582890845
      },
      {
        "date": "2025-01-29",
        "value": 0.007196211603746304
      },
      {
        "date": "2024-10-31",
        "value": 0.006836401023558987
      },
      {
        "date": "2024-08-02",
        "value": 0.0064945809723810375
      },
      {
        "date": "2024-05-04",
        "value": 0.006169851923761985
      },
      {
        "date": "2024-02-04",
        "value": 0.0058613593275738856
      },
      {
        "date": "2023-11-06",
        "value": 0.005568291361195191
      }
    ],
    "earnings_dates": [
      "2025-07-28",
      "2025-04-29",
      "2025-01-29",
      "2024-10-31",
      "2024-08-02",
      "2024-05-04",
      "2024-02-04",
      "2023-11-06"
    ]
  },
  "analysis": {
    "avg_revenue_growth": 38.059179828653285,
    "avg_earnings_surprise": -0.5730656009079791,
    "consistency_score": 89,
    "trend_direction": "growing"
  }
}