{
  "ticker": "O",
  "quarters": [
    {
      "date": "2025-07-28",
      "quarter": "Q3 2025",
      "revenue": 994784623.2106439,
      "earnings": 48605738.21742255,
      "eps_actual": 0.02562690128847915,
      "eps_estimate": 0.02496196500057477,
      "surprise_percent": 2.66379785361077,
      "price_on_date": 9.638955601691091,
      "revenue_growth": 33.1779727978159,
      "earnings_growth": 38.66053934182811
    },
    {
      "date": "2025-04-29",
      "quarter": "Q2 2025",
      "revenue": 945045392.0501117,
      "earnings": 46175451.30655142,
      "eps_actual": 0.02434555622405519,
      "eps_estimate": 0.024122604833736346,
      "surprise_percent": 0.9242426008945623,
      "price_on_date": 9.129223831419337,
      "revenue_growth": 41.72594916129699,
      "earnings_growth": 37.406711559600616
    },
    {
      "date": "2025-01-29",
      "quarter": "Q1 2025",
      "revenue": 897793122.4476061,
      "earnings": 43866678.74122385,
      "eps_actual": 0.02312827841285243,
      "eps_estimate": 0.023490452489082547,
      "surprise_percent": -1.5417926768266397,
      "price_on_date": 9.979350166087249,
      "revenue_growth": 29.192654516854663,
      "earnings_growth": 28.586853599283195
    },
    {
      "date": "2024-10-31",
      "quarter": "Q4 2024",
      "revenue": 852903466.3252257,
      "earnings": 41673344.80416265,
      "eps_actual": 0.021971864492209805,
      "eps_estimate": 0.02097436741215724,
      "surprise_percent": 4.7557910112435255,
      "price_on_date": 9.028285306749865,
      "revenue_growth": 32.53606327083012,
      "earnings_growth": 26.563820837878257
    },
    {
      "date": "2024-08-02",
      "quarter": "Q3 2024",
      "revenue": 810258293.0089644,
      "earnings": 39589677.56395452,
      "eps_actual": 0.020873271267599317,
      "eps_estimate": 0.019995645657048942,
      "surprise_percent": 4.389083631520496,
      "price_on_date": 8.963278958381999,
      "revenue_growth": 35.052464984773195,
      "earnings_growth": 31.28674174642478
    },
    {
      "date": "2024-05-04",
      "quarter": "Q2 2024",
      "revenue": 769745378.3585161,
      "earnings": 37610193.68575679,
      "eps_actual": 0.01982960770421935,
      "eps_estimate": 0.018999703808486035,
      "surprise_percent": 4.367983333311992,
      "price_on_date": 8.563031419841945,
      "revenue_growth": 34.32648540391856,
      "earnings_growth": 29.59098069416488
    },
    {
      "date": "2024-02-04",
      "quarter": "Q1 2024",
      "revenue": 731258109.4405903,
      "earnings": 35729684.00146895,
      "eps_actual": 0.018838127319008382,
      "eps_estimate": 0.018982678324908117,
      "surprise_percent": -0.7614889923623828,
      "price_on_date": 7.482775974536719,
      "revenue_growth": 40.68114985463941,
      "earnings_growth": 39.227788525609455
    },
    {
      "date": "2023-11-06",
      "quarter": "Q4 2023",
      "revenue": 694695203.9685607,
      "earnings": 33943199.8013955,
      "eps_actual": 0.01789622095305796,
      "eps_estimate": 0.01770931279074984,
      "surprise_percent": 1.055423011138804,
      "price_on_date": 7.326188533230814,
      "revenue_growth": 33.20102043984529,
      "earnings_growth": 33.96008037441034
    }
  ],
  "metrics": {
    "revenue_trend": [
      {
        "date": "2025-07-28",
        "value": 994784623.2106439
      },
      {
        "date": "2025-04-29",
        "value": 945045392.0501117
      },
      {
        "date": "2025-01-29",
        "value": 897793122.4476061
      },
      {
        "date": "2024-10-31",
        "value": 852903466.3252257
      },
      {
        "date": "2024-08-02",
        "value": 810258293.0089644
      },
      {
        "date": "2024-05-04",
        "value": 769745378.3585161
      },
      {
        "date": "2024-02-04",
        "value": 731258109.4405903
      },
      {
        "date": "2023-11-06",
        "value": 694695203.9685607
      }
    ],
    "eps_trend": [
      {
        "date": "2025-07-28",
        "value": 0.02562690128847915
      },
      {
        "date": "2025-04-29",
        "value": 0.02434555622405519
      },
      {
        "date": "2025-01-29",
        "value": 0.02312827841285243
      },
      {
        "date": "2024-10-31",
        "value": 0.021971864492209805
      },
      {
        "date": "2024-08-02",
        "value": 0.020873271267599317
      },
      {
        "date": "2024-05-04",
        "value": 0.01982960770421935
      },
      {
        "date": "2024-02-04",
        "value": 0.018838127319008382
      },
      {
        "date": "2023-11-06",
        "value": 0.01789622095305796
      }
    ],
    "earnings_dates": [
      "2025-07-28",
      "2025-04-29",
      "2025-01-29",
      "2024-10-31",
      "2024-08-02",
      "2024-05-04",
      "2024-02-04",
      "2023-11-06"
    ]
  },
  "analysis": {
    "avg_revenue_growth": 34.15815993669942,
    "avg_earnings_surprise": 1.7005096972305545,
    "consistency_score": 85,
    "trend_direction": "growing"
  }
}