{
  "ticker": "ODFL",
  "quarters": [
    {
      "date": "2025-07-28",
      "quarter": "Q3 2025",
      "revenue": 72010773.33063234,
      "earnings": 3667727.386094858,
      "eps_actual": 0.0009497651436367028,
      "eps_estimate": 0.0009630101024231704,
      "surprise_percent": -1.375370699968775,
      "price_on_date": 0.1264659455510457,
      "revenue_growth": 31.87105402660128,
      "earnings_growth": 42.32719333053567
    },
    {
      "date": "2025-04-29",
      "quarter": "Q2 2025",
      "revenue": 68410234.66410072,
      "earnings": 3484341.016790115,
      "eps_actual": 0.0009022768864548677,
      "eps_estimate": 0.0008822714129198134,
      "surprise_percent": 2.267496514348983,
      "price_on_date": 0.12577312278163238,
      "revenue_growth": 43.5532387052435,
      "earnings_growth": 33.153757011735266
    },
    {
      "date": "2025-01-29",
      "quarter": "Q1 2025",
      "revenue": 64989722.930895686,
      "earnings": 3310123.965950609,
      "eps_actual": 0.0008571630421321243,
      "eps_estimate": 0.0008507515531254061,
      "surprise_percent": 0.7536264827450815,
      "price_on_date": 0.10948699557580073,
      "revenue_growth": 37.136716291425195,
      "earnings_growth": 35.066747246084226
    },
    {
      "date": "2024-10-31",
      "quarter": "Q4 2024",
      "revenue": 61740236.784350894,
      "earnings": 3144617.7676530783,
      "eps_actual": 0.000814304890025518,
      "eps_estimate": 0.0008029432206656914,
      "surprise_percent": 1.4150028379848587,
      "price_on_date": 0.11740308223750932,
      "revenue_growth": 43.19162734966123,
      "earnings_growth": 36.87052309307318
    },
    {
      "date": "2024-08-02",
      "quarter": "Q3 2024",
      "revenue": 58653224.94513335,
      "earnings": 2987386.8792704246,
      "eps_actual": 0.0007735896455242421,
      "eps_estimate": 0.0007750996397037993,
      "surprise_percent": -0.19481291207078866,
      "price_on_date": 0.09781570967742786,
      "revenue_growth": 40.86070219420557,
      "earnings_growth": 29.624628634914004
    },
    {
      "date": "2024-05-04",
      "quarter": "Q2 2024",
      "revenue": 55720563.69787668,
      "earnings": 2838017.535306903,
      "eps_actual": 0.00073491016324803,
      "eps_estimate": 0.0007443964017633008,
      "surprise_percent": -1.2743530856409542,
      "price_on_date": 0.09586526187061449,
      "revenue_growth": 37.9517917307677,
      "earnings_growth": 30.036126086061252
    },
    {
      "date": "2024-02-04",
      "quarter": "Q1 2024",
      "revenue": 52934535.512982845,
      "earnings": 2696116.658541558,
      "eps_actual": 0.0006981646550856285,
      "eps_estimate": 0.0007040193733913624,
      "surprise_percent": -0.8316132377907302,
      "price_on_date": 0.09391816235229965,
      "revenue_growth": 39.99873324220082,
      "earnings_growth": 43.00273524164059
    },
    {
      "date": "2023-11-06",
      "quarter": "Q4 2023",
      "revenue": 50287808.73733369,
      "earnings": 2561310.8256144794,
      "eps_actual": 0.0006632564223313468,
      "eps_estimate": 0.0006499658416878379,
      "surprise_percent": 2.044812171820577,
      "price_on_date": 0.09209242450645452,
      "revenue_growth": 31.42989073151352,
      "earnings_growth": 43.67459781894668
    }
  ],
  "metrics": {
    "revenue_trend": [
      {
        "date": "2025-07-28",
        "value": 72010773.33063234
      },
      {
        "date": "2025-04-29",
        "value": 68410234.66410072
      },
      {
        "date": "2025-01-29",
        "value": 64989722.930895686
      },
      {
        "date": "2024-10-31",
        "value": 61740236.784350894
      },
      {
        "date": "2024-08-02",
        "value": 58653224.94513335
      },
      {
        "date": "2024-05-04",
        "value": 55720563.69787668
      },
      {
        "date": "2024-02-04",
        "value": 52934535.512982845
      },
      {
        "date": "2023-11-06",
        "value": 50287808.73733369
      }
    ],
    "eps_trend": [
      {
        "date": "2025-07-28",
        "value": 0.0009497651436367028
      },
      {
        "date": "2025-04-29",
        "value": 0.0009022768864548677
      },
      {
        "date": "2025-01-29",
        "value": 0.0008571630421321243
      },
      {
        "date": "2024-10-31",
        "value": 0.000814304890025518
      },
      {
        "date": "2024-08-02",
        "value": 0.0007735896455242421
      },
      {
        "date": "2024-05-04",
        "value": 0.00073491016324803
      },
      {
        "date": "2024-02-04",
        "value": 0.0006981646550856285
      },
      {
        "date": "2023-11-06",
        "value": 0.0006632564223313468
      }
    ],
    "earnings_dates": [
      "2025-07-28",
      "2025-04-29",
      "2025-01-29",
      "2024-10-31",
      "2024-08-02",
      "2024-05-04",
      "2024-02-04",
      "2023-11-06"
    ]
  },
  "analysis": {
    "avg_revenue_growth": 38.9381590932328,
    "avg_earnings_surprise": 0.7651887837775371,
    "consistency_score": 73,
    "trend_direction": "growing"
  }
}