{
  "ticker": "OKE",
  "quarters": [
    {
      "date": "2025-07-28",
      "quarter": "Q3 2025",
      "revenue": 40753229.10263817,
      "earnings": 4535942.590647763,
      "eps_actual": 0.0009821781966019387,
      "eps_estimate": 0.0009886420451465491,
      "surprise_percent": -0.6538108081021626,
      "price_on_date": 0.09092247174466615,
      "revenue_growth": 20.158654433780285,
      "earnings_growth": 18.60199914332601
    },
    {
      "date": "2025-04-29",
      "quarter": "Q2 2025",
      "revenue": 38715567.64750626,
      "earnings": 4309145.461115374,
      "eps_actual": 0.0009330692867718418,
      "eps_estimate": 0.0008949192686516462,
      "surprise_percent": 4.262956386856585,
      "price_on_date": 0.0859302973510584,
      "revenue_growth": 15.861609650295952,
      "earnings_growth": 20.83376995490731
    },
    {
      "date": "2025-01-29",
      "quarter": "Q1 2025",
      "revenue": 36779789.265130945,
      "earnings": 4093688.188059605,
      "eps_actual": 0.0008864158224332496,
      "eps_estimate": 0.0008551811938115968,
      "surprise_percent": 3.652398912379979,
      "price_on_date": 0.07200548697704968,
      "revenue_growth": 19.809181038683278,
      "earnings_growth": 17.194719567686533
    },
    {
      "date": "2024-10-31",
      "quarter": "Q4 2024",
      "revenue": 34940799.8018744,
      "earnings": 3889003.778656625,
      "eps_actual": 0.0008420950313115872,
      "eps_estimate": 0.0008303657457609135,
      "surprise_percent": 1.4125444854333913,
      "price_on_date": 0.06774375774197662,
      "revenue_growth": 20.838483872412805,
      "earnings_growth": 24.231465154273337
    },
    {
      "date": "2024-08-02",
      "quarter": "Q3 2024",
      "revenue": 33193759.811780676,
      "earnings": 3694553.589723794,
      "eps_actual": 0.0007999902797460078,
      "eps_estimate": 0.0008038329378696756,
      "surprise_percent": -0.478041884405931,
      "price_on_date": 0.0649532890488576,
      "revenue_growth": 21.635077295392517,
      "earnings_growth": 19.941331211243966
    },
    {
      "date": "2024-05-04",
      "quarter": "Q2 2024",
      "revenue": 31534071.82119164,
      "earnings": 3509825.9102376034,
      "eps_actual": 0.0007599907657587072,
      "eps_estimate": 0.0007328135397951803,
      "surprise_percent": 3.7086140590583137,
      "price_on_date": 0.0698907791293555,
      "revenue_growth": 17.312373167458595,
      "earnings_growth": 16.992962770033355
    },
    {
      "date": "2024-02-04",
      "quarter": "Q1 2024",
      "revenue": 29957368.23013206,
      "earnings": 3334334.6147257234,
      "eps_actual": 0.0007219912274707719,
      "eps_estimate": 0.0006882493256389217,
      "surprise_percent": 4.902569544914064,
      "price_on_date": 0.07086853157823295,
      "revenue_growth": 17.77589445308196,
      "earnings_growth": 15.683767291532034
    },
    {
      "date": "2023-11-06",
      "quarter": "Q4 2023",
      "revenue": 28459499.81862545,
      "earnings": 3167617.883989437,
      "eps_actual": 0.0006858916660972332,
      "eps_estimate": 0.0006896775043596662,
      "surprise_percent": -0.5489287730136903,
      "price_on_date": 0.06570910834196748,
      "revenue_growth": 15.585420575006422,
      "earnings_growth": 24.16509543392864
    }
  ],
  "metrics": {
    "revenue_trend": [
      {
        "date": "2025-07-28",
        "value": 40753229.10263817
      },
      {
        "date": "2025-04-29",
        "value": 38715567.64750626
      },
      {
        "date": "2025-01-29",
        "value": 36779789.265130945
      },
      {
        "date": "2024-10-31",
        "value": 34940799.8018744
      },
      {
        "date": "2024-08-02",
        "value": 33193759.811780676
      },
      {
        "date": "2024-05-04",
        "value": 31534071.82119164
      },
      {
        "date": "2024-02-04",
        "value": 29957368.23013206
      },
      {
        "date": "2023-11-06",
        "value": 28459499.81862545
      }
    ],
    "eps_trend": [
      {
        "date": "2025-07-28",
        "value": 0.0009821781966019387
      },
      {
        "date": "2025-04-29",
        "value": 0.0009330692867718418
      },
      {
        "date": "2025-01-29",
        "value": 0.0008864158224332496
      },
      {
        "date": "2024-10-31",
        "value": 0.0008420950313115872
      },
      {
        "date": "2024-08-02",
        "value": 0.0007999902797460078
      },
      {
        "date": "2024-05-04",
        "value": 0.0007599907657587072
      },
      {
        "date": "2024-02-04",
        "value": 0.0007219912274707719
      },
      {
        "date": "2023-11-06",
        "value": 0.0006858916660972332
      }
    ],
    "earnings_dates": [
      "2025-07-28",
      "2025-04-29",
      "2025-01-29",
      "2024-10-31",
      "2024-08-02",
      "2024-05-04",
      "2024-02-04",
      "2023-11-06"
    ]
  },
  "analysis": {
    "avg_revenue_growth": 19.16698224879308,
    "avg_earnings_surprise": 2.1685222441419483,
    "consistency_score": 73,
    "trend_direction": "growing"
  }
}