{
  "ticker": "OKTA",
  "quarters": [
    {
      "date": "2025-07-28",
      "quarter": "Q3 2025",
      "revenue": 941451861.6388694,
      "earnings": 286844456.6582679,
      "eps_actual": 0.1553885531952977,
      "eps_estimate": 0.14771126824698494,
      "surprise_percent": 5.197494435885378,
      "price_on_date": 8.662686884611654,
      "revenue_growth": -1.3858951263070882,
      "earnings_growth": -1.7177436714536893
    },
    {
      "date": "2025-04-29",
      "quarter": "Q2 2025",
      "revenue": 894379268.5569259,
      "earnings": 272502233.8253545,
      "eps_actual": 0.1476191255355328,
      "eps_estimate": 0.14779490602592638,
      "surprise_percent": -0.11893541876384948,
      "price_on_date": 8.307398405977308,
      "revenue_growth": -1.6036009041687413,
      "earnings_growth": -1.6090581801222374
    },
    {
      "date": "2025-01-29",
      "quarter": "Q1 2025",
      "revenue": 849660305.1290796,
      "earnings": 258877122.1340868,
      "eps_actual": 0.14023816925875618,
      "eps_estimate": 0.1384492749785211,
      "surprise_percent": 1.2920936426085277,
      "price_on_date": 7.5058635782724945,
      "revenue_growth": -2.0011080702911563,
      "earnings_growth": -1.282752029578656
    },
    {
      "date": "2024-10-31",
      "quarter": "Q4 2024",
      "revenue": 807177289.8726256,
      "earnings": 245933266.02738246,
      "eps_actual": 0.13322626079581837,
      "eps_estimate": 0.12919733889310997,
      "surprise_percent": 3.1184248353920694,
      "price_on_date": 7.4987616305135445,
      "revenue_growth": -1.793053351083602,
      "earnings_growth": -1.5590740644253183
    },
    {
      "date": "2024-08-02",
      "quarter": "Q3 2024",
      "revenue": 766818425.3789942,
      "earnings": 233636602.7260133,
      "eps_actual": 0.12656494775602745,
      "eps_estimate": 0.12453186131472163,
      "surprise_percent": 1.6325833564534313,
      "price_on_date": 6.068464183143247,
      "revenue_growth": -1.9304623681458615,
      "earnings_growth": -2.083380181587814
    },
    {
      "date": "2024-05-04",
      "quarter": "Q2 2024",
      "revenue": 728477504.1100445,
      "earnings": 221954772.58971262,
      "eps_actual": 0.12023670036822605,
      "eps_estimate": 0.12220991005519619,
      "surprise_percent": -1.614606938241699,
      "price_on_date": 5.677671362159633,
      "revenue_growth": -1.5162861636348948,
      "earnings_growth": -1.7940238986795853
    },
    {
      "date": "2024-02-04",
      "quarter": "Q1 2024",
      "revenue": 692053628.9045422,
      "earnings": 210857033.96022698,
      "eps_actual": 0.11422486534981474,
      "eps_estimate": 0.11011141031010994,
      "surprise_percent": 3.7357209649026877,
      "price_on_date": 5.295660650849365,
      "revenue_growth": -2.0127260425643514,
      "earnings_growth": -1.7751527660847137
    },
    {
      "date": "2023-11-06",
      "quarter": "Q4 2023",
      "revenue": 657450947.4593151,
      "earnings": 200314182.2622156,
      "eps_actual": 0.108513622082324,
      "eps_estimate": 0.10707149811689672,
      "surprise_percent": 1.3468794130935065,
      "price_on_date": 5.60040674356648,
      "revenue_growth": -1.473517090945259,
      "earnings_growth": -1.7514459149374095
    }
  ],
  "metrics": {
    "revenue_trend": [
      {
        "date": "2025-07-28",
        "value": 941451861.6388694
      },
      {
        "date": "2025-04-29",
        "value": 894379268.5569259
      },
      {
        "date": "2025-01-29",
        "value": 849660305.1290796
      },
      {
        "date": "2024-10-31",
        "value": 807177289.8726256
      },
      {
        "date": "2024-08-02",
        "value": 766818425.3789942
      },
      {
        "date": "2024-05-04",
        "value": 728477504.1100445
      },
      {
        "date": "2024-02-04",
        "value": 692053628.9045422
      },
      {
        "date": "2023-11-06",
        "value": 657450947.4593151
      }
    ],
    "eps_trend": [
      {
        "date": "2025-07-28",
        "value": 0.1553885531952977
      },
      {
        "date": "2025-04-29",
        "value": 0.1476191255355328
      },
      {
        "date": "2025-01-29",
        "value": 0.14023816925875618
      },
      {
        "date": "2024-10-31",
        "value": 0.13322626079581837
      },
      {
        "date": "2024-08-02",
        "value": 0.12656494775602745
      },
      {
        "date": "2024-05-04",
        "value": 0.12023670036822605
      },
      {
        "date": "2024-02-04",
        "value": 0.11422486534981474
      },
      {
        "date": "2023-11-06",
        "value": 0.108513622082324
      }
    ],
    "earnings_dates": [
      "2025-07-28",
      "2025-04-29",
      "2025-01-29",
      "2024-10-31",
      "2024-08-02",
      "2024-05-04",
      "2024-02-04",
      "2023-11-06"
    ]
  },
  "analysis": {
    "avg_revenue_growth": -1.695914362962647,
    "avg_earnings_surprise": 2.372269373780531,
    "consistency_score": 77,
    "trend_direction": "stable"
  }
}