{
  "ticker": "OMC",
  "quarters": [
    {
      "date": "2025-07-28",
      "quarter": "Q3 2025",
      "revenue": 54370534.78275567,
      "earnings": 2299345.2820767127,
      "eps_actual": 0.0005198332065321414,
      "eps_estimate": 0.000517980749367337,
      "surprise_percent": 0.35763050404227886,
      "price_on_date": 0.24665179124751485,
      "revenue_growth": 31.209775021161708,
      "earnings_growth": 30.704610196487454
    },
    {
      "date": "2025-04-29",
      "quarter": "Q2 2025",
      "revenue": 51652008.04361789,
      "earnings": 2184378.017972877,
      "eps_actual": 0.0004938415462055342,
      "eps_estimate": 0.0004741906104913113,
      "surprise_percent": 4.14410055354375,
      "price_on_date": 0.25207887820701785,
      "revenue_growth": 28.379534218577547,
      "earnings_growth": 22.926937134279466
    },
    {
      "date": "2025-01-29",
      "quarter": "Q1 2025",
      "revenue": 49069407.641436994,
      "earnings": 2075159.117074233,
      "eps_actual": 0.0004691494688952575,
      "eps_estimate": 0.0004545586365102926,
      "surprise_percent": 3.2098900368455627,
      "price_on_date": 0.23324617165038392,
      "revenue_growth": 22.102804678511564,
      "earnings_growth": 25.337743450904842
    },
    {
      "date": "2024-10-31",
      "quarter": "Q4 2024",
      "revenue": 46615937.25936514,
      "earnings": 1971401.1612205212,
      "eps_actual": 0.00044569199545049456,
      "eps_estimate": 0.0004331464267516988,
      "surprise_percent": 2.8963805133702563,
      "price_on_date": 0.24582699423558116,
      "revenue_growth": 27.616020406191534,
      "earnings_growth": 26.096864311592302
    },
    {
      "date": "2024-08-02",
      "quarter": "Q3 2024",
      "revenue": 44285140.39639688,
      "earnings": 1872831.1031594952,
      "eps_actual": 0.0004234073956779699,
      "eps_estimate": 0.00041579346048745125,
      "surprise_percent": 1.8311820444680642,
      "price_on_date": 0.2104241277192084,
      "revenue_growth": 30.73682803667188,
      "earnings_growth": 29.464065944198534
    },
    {
      "date": "2024-05-04",
      "quarter": "Q2 2024",
      "revenue": 42070883.37657703,
      "earnings": 1779189.5480015199,
      "eps_actual": 0.00040223702589407123,
      "eps_estimate": 0.0004097370961625464,
      "surprise_percent": -1.8304591746068788,
      "price_on_date": 0.20679778220593764,
      "revenue_growth": 30.383160795298448,
      "earnings_growth": 27.24725375998877
    },
    {
      "date": "2024-02-04",
      "quarter": "Q1 2024",
      "revenue": 39967339.20774818,
      "earnings": 1690230.0706014442,
      "eps_actual": 0.00038212517459936776,
      "eps_estimate": 0.0003753905883066395,
      "surprise_percent": 1.7940210816439286,
      "price_on_date": 0.18493306133536058,
      "revenue_growth": 27.77124699908127,
      "earnings_growth": 28.42654079637414
    },
    {
      "date": "2023-11-06",
      "quarter": "Q4 2023",
      "revenue": 37968972.247360766,
      "earnings": 1605718.5670713717,
      "eps_actual": 0.0003630189158693993,
      "eps_estimate": 0.00035549999708834646,
      "surprise_percent": 2.115026397365706,
      "price_on_date": 0.1937293068698699,
      "revenue_growth": 28.250206739364312,
      "earnings_growth": 22.316726168368866
    }
  ],
  "metrics": {
    "revenue_trend": [
      {
        "date": "2025-07-28",
        "value": 54370534.78275567
      },
      {
        "date": "2025-04-29",
        "value": 51652008.04361789
      },
      {
        "date": "2025-01-29",
        "value": 49069407.641436994
      },
      {
        "date": "2024-10-31",
        "value": 46615937.25936514
      },
      {
        "date": "2024-08-02",
        "value": 44285140.39639688
      },
      {
        "date": "2024-05-04",
        "value": 42070883.37657703
      },
      {
        "date": "2024-02-04",
        "value": 39967339.20774818
      },
      {
        "date": "2023-11-06",
        "value": 37968972.247360766
      }
    ],
    "eps_trend": [
      {
        "date": "2025-07-28",
        "value": 0.0005198332065321414
      },
      {
        "date": "2025-04-29",
        "value": 0.0004938415462055342
      },
      {
        "date": "2025-01-29",
        "value": 0.0004691494688952575
      },
      {
        "date": "2024-10-31",
        "value": 0.00044569199545049456
      },
      {
        "date": "2024-08-02",
        "value": 0.0004234073956779699
      },
      {
        "date": "2024-05-04",
        "value": 0.00040223702589407123
      },
      {
        "date": "2024-02-04",
        "value": 0.00038212517459936776
      },
      {
        "date": "2023-11-06",
        "value": 0.0003630189158693993
      }
    ],
    "earnings_dates": [
      "2025-07-28",
      "2025-04-29",
      "2025-01-29",
      "2024-10-31",
      "2024-08-02",
      "2024-05-04",
      "2024-02-04",
      "2023-11-06"
    ]
  },
  "analysis": {
    "avg_revenue_growth": 27.327033581110587,
    "avg_earnings_surprise": 2.652000401950462,
    "consistency_score": 82,
    "trend_direction": "growing"
  }
}