{
  "ticker": "ON",
  "quarters": [
    {
      "date": "2025-07-28",
      "quarter": "Q3 2025",
      "revenue": 68696513.04867278,
      "earnings": 8532099.10545767,
      "eps_actual": 0.004617815089263642,
      "eps_estimate": 0.004470178538497256,
      "surprise_percent": 3.3026991985876517,
      "price_on_date": 0.9630966447295234,
      "revenue_growth": 0.34938884990661756,
      "earnings_growth": 0.37336948976832934
    },
    {
      "date": "2025-04-29",
      "quarter": "Q2 2025",
      "revenue": 65261687.39623914,
      "earnings": 8105494.150184785,
      "eps_actual": 0.0043869243348004594,
      "eps_estimate": 0.004433117486927694,
      "surprise_percent": -1.0420015319568674,
      "price_on_date": 0.8968450362031968,
      "revenue_growth": 0.2940610545913046,
      "earnings_growth": 0.27677759403588914
    },
    {
      "date": "2025-01-29",
      "quarter": "Q1 2025",
      "revenue": 61998603.02642718,
      "earnings": 7700219.442675546,
      "eps_actual": 0.004167578118060437,
      "eps_estimate": 0.0040032889834774954,
      "surprise_percent": 4.10385398758374,
      "price_on_date": 0.8262757130921592,
      "revenue_growth": 0.2787607545575662,
      "earnings_growth": 0.23180921884670652
    },
    {
      "date": "2024-10-31",
      "quarter": "Q4 2024",
      "revenue": 58898672.87510582,
      "earnings": 7315208.470541769,
      "eps_actual": 0.003959199212157415,
      "eps_estimate": 0.003906472918773406,
      "surprise_percent": 1.3497160861047208,
      "price_on_date": 0.8624222857655184,
      "revenue_growth": 0.31506061690054,
      "earnings_growth": 0.38982168750340984
    },
    {
      "date": "2024-08-02",
      "quarter": "Q3 2024",
      "revenue": 55953739.231350526,
      "earnings": 6949448.04701468,
      "eps_actual": 0.003761239251549544,
      "eps_estimate": 0.003664317588138319,
      "surprise_percent": 2.6450126409612538,
      "price_on_date": 0.7162890534352018,
      "revenue_growth": 0.35350871720519844,
      "earnings_growth": 0.3335737832353286
    },
    {
      "date": "2024-05-04",
      "quarter": "Q2 2024",
      "revenue": 53156052.26978299,
      "earnings": 6601975.644663945,
      "eps_actual": 0.003573177288972066,
      "eps_estimate": 0.003416723959791835,
      "surprise_percent": 4.579045044943086,
      "price_on_date": 0.7235573787041333,
      "revenue_growth": 0.2827443703982381,
      "earnings_growth": 0.2661591837896063
    },
    {
      "date": "2024-02-04",
      "quarter": "Q1 2024",
      "revenue": 50498249.65629385,
      "earnings": 6271876.862430748,
      "eps_actual": 0.003394518424523463,
      "eps_estimate": 0.0033107803291543524,
      "surprise_percent": 2.529255554399741,
      "price_on_date": 0.6833736275015867,
      "revenue_growth": 0.2909715076947151,
      "earnings_growth": 0.39317538202297836
    },
    {
      "date": "2023-11-06",
      "quarter": "Q4 2023",
      "revenue": 47973337.17347915,
      "earnings": 5958283.01930921,
      "eps_actual": 0.0032247925032972895,
      "eps_estimate": 0.003193664478421498,
      "surprise_percent": 0.9746804990352945,
      "price_on_date": 0.6944155776686088,
      "revenue_growth": 0.32105163763855893,
      "earnings_growth": 0.39369767827507646
    }
  ],
  "metrics": {
    "revenue_trend": [
      {
        "date": "2025-07-28",
        "value": 68696513.04867278
      },
      {
        "date": "2025-04-29",
        "value": 65261687.39623914
      },
      {
        "date": "2025-01-29",
        "value": 61998603.02642718
      },
      {
        "date": "2024-10-31",
        "value": 58898672.87510582
      },
      {
        "date": "2024-08-02",
        "value": 55953739.231350526
      },
      {
        "date": "2024-05-04",
        "value": 53156052.26978299
      },
      {
        "date": "2024-02-04",
        "value": 50498249.65629385
      },
      {
        "date": "2023-11-06",
        "value": 47973337.17347915
      }
    ],
    "eps_trend": [
      {
        "date": "2025-07-28",
        "value": 0.004617815089263642
      },
      {
        "date": "2025-04-29",
        "value": 0.0043869243348004594
      },
      {
        "date": "2025-01-29",
        "value": 0.004167578118060437
      },
      {
        "date": "2024-10-31",
        "value": 0.003959199212157415
      },
      {
        "date": "2024-08-02",
        "value": 0.003761239251549544
      },
      {
        "date": "2024-05-04",
        "value": 0.003573177288972066
      },
      {
        "date": "2024-02-04",
        "value": 0.003394518424523463
      },
      {
        "date": "2023-11-06",
        "value": 0.0032247925032972895
      }
    ],
    "earnings_dates": [
      "2025-07-28",
      "2025-04-29",
      "2025-01-29",
      "2024-10-31",
      "2024-08-02",
      "2024-05-04",
      "2024-02-04",
      "2023-11-06"
    ]
  },
  "analysis": {
    "avg_revenue_growth": 0.3093178189890071,
    "avg_earnings_surprise": 1.9285669350798114,
    "consistency_score": 69,
    "trend_direction": "stable"
  }
}