{
  "ticker": "ORCL",
  "quarters": [
    {
      "date": "2025-07-28",
      "quarter": "Q3 2025",
      "revenue": 79681277299.29886,
      "earnings": 8793271641.105135,
      "eps_actual": 12.820906489992495,
      "eps_estimate": 12.391084784951227,
      "surprise_percent": 3.468798031010812,
      "price_on_date": 1462.561371203491,
      "revenue_growth": -5.646467723964752,
      "earnings_growth": -5.951796708446051
    },
    {
      "date": "2025-04-29",
      "quarter": "Q2 2025",
      "revenue": 75697213434.33391,
      "earnings": 8353608059.049877,
      "eps_actual": 12.179861165492868,
      "eps_estimate": 12.172659231823332,
      "surprise_percent": 0.05916483434209975,
      "price_on_date": 1412.7240074442866,
      "revenue_growth": -4.142467581999831,
      "earnings_growth": -3.5351815033712803
    },
    {
      "date": "2025-01-29",
      "quarter": "Q1 2025",
      "revenue": 71912352762.61722,
      "earnings": 7935927656.097384,
      "eps_actual": 11.570868107218228,
      "eps_estimate": 11.04542521175555,
      "surprise_percent": 4.757108806489893,
      "price_on_date": 1181.2428288069298,
      "revenue_growth": -4.602159986393306,
      "earnings_growth": -3.8485984591327673
    },
    {
      "date": "2024-10-31",
      "quarter": "Q4 2024",
      "revenue": 68316735124.48635,
      "earnings": 7539131273.292515,
      "eps_actual": 10.992324701857315,
      "eps_estimate": 10.53197636754905,
      "surprise_percent": 4.370958671410276,
      "price_on_date": 1291.5391168497922,
      "revenue_growth": -4.823095329180474,
      "earnings_growth": -6.079751027492151
    },
    {
      "date": "2024-08-02",
      "quarter": "Q3 2024",
      "revenue": 64900898368.26203,
      "earnings": 7162174709.627889,
      "eps_actual": 10.442708466764449,
      "eps_estimate": 10.454793318849122,
      "surprise_percent": -0.1155914968006572,
      "price_on_date": 1217.6448383049412,
      "revenue_growth": -4.79091778576858,
      "earnings_growth": -4.65426037635745
    },
    {
      "date": "2024-05-04",
      "quarter": "Q2 2024",
      "revenue": 61655853449.84892,
      "earnings": 6804065974.146493,
      "eps_actual": 9.920573043426225,
      "eps_estimate": 9.578845396009386,
      "surprise_percent": 3.5675244070564602,
      "price_on_date": 1070.5060860776327,
      "revenue_growth": -4.092439391189152,
      "earnings_growth": -4.9073842283707085
    },
    {
      "date": "2024-02-04",
      "quarter": "Q1 2024",
      "revenue": 58573060777.356476,
      "earnings": 6463862675.439169,
      "eps_actual": 9.424544391254914,
      "eps_estimate": 9.23278989450602,
      "surprise_percent": 2.076885740278761,
      "price_on_date": 1071.7983014763217,
      "revenue_growth": -4.0068314808727665,
      "earnings_growth": -5.999681056541214
    },
    {
      "date": "2023-11-06",
      "quarter": "Q4 2023",
      "revenue": 55644407738.48865,
      "earnings": 6140669541.66721,
      "eps_actual": 8.953317171692166,
      "eps_estimate": 8.511891048439894,
      "surprise_percent": 5.185993579337218,
      "price_on_date": 992.3529527049135,
      "revenue_growth": -4.607780634835558,
      "earnings_growth": -6.069521645104438
    }
  ],
  "metrics": {
    "revenue_trend": [
      {
        "date": "2025-07-28",
        "value": 79681277299.29886
      },
      {
        "date": "2025-04-29",
        "value": 75697213434.33391
      },
      {
        "date": "2025-01-29",
        "value": 71912352762.61722
      },
      {
        "date": "2024-10-31",
        "value": 68316735124.48635
      },
      {
        "date": "2024-08-02",
        "value": 64900898368.26203
      },
      {
        "date": "2024-05-04",
        "value": 61655853449.84892
      },
      {
        "date": "2024-02-04",
        "value": 58573060777.356476
      },
      {
        "date": "2023-11-06",
        "value": 55644407738.48865
      }
    ],
    "eps_trend": [
      {
        "date": "2025-07-28",
        "value": 12.820906489992495
      },
      {
        "date": "2025-04-29",
        "value": 12.179861165492868
      },
      {
        "date": "2025-01-29",
        "value": 11.570868107218228
      },
      {
        "date": "2024-10-31",
        "value": 10.992324701857315
      },
      {
        "date": "2024-08-02",
        "value": 10.442708466764449
      },
      {
        "date": "2024-05-04",
        "value": 9.920573043426225
      },
      {
        "date": "2024-02-04",
        "value": 9.424544391254914
      },
      {
        "date": "2023-11-06",
        "value": 8.953317171692166
      }
    ],
    "earnings_dates": [
      "2025-07-28",
      "2025-04-29",
      "2025-01-29",
      "2024-10-31",
      "2024-08-02",
      "2024-05-04",
      "2024-02-04",
      "2023-11-06"
    ]
  },
  "analysis": {
    "avg_revenue_growth": -4.803547655384591,
    "avg_earnings_surprise": 3.1640075858132706,
    "consistency_score": 92,
    "trend_direction": "stable"
  }
}