{
  "ticker": "ORLY",
  "quarters": [
    {
      "date": "2025-07-28",
      "quarter": "Q3 2025",
      "revenue": 118492030.89859942,
      "earnings": 2131635.814960211,
      "eps_actual": 0.0005347590681455853,
      "eps_estimate": 0.0005306867884569417,
      "surprise_percent": 0.7673602918370006,
      "price_on_date": 0.37626958049567694,
      "revenue_growth": 35.47212019067373,
      "earnings_growth": 25.91520425914635
    },
    {
      "date": "2025-04-29",
      "quarter": "Q2 2025",
      "revenue": 112567429.35366943,
      "earnings": 2025054.0242122004,
      "eps_actual": 0.000508021114738306,
      "eps_estimate": 0.0004844438215644292,
      "surprise_percent": 4.866878701794131,
      "price_on_date": 0.3887993726645002,
      "revenue_growth": 31.485180923657854,
      "earnings_growth": 37.83074610122067
    },
    {
      "date": "2025-01-29",
      "quarter": "Q1 2025",
      "revenue": 106939057.88598597,
      "earnings": 1923801.3230015906,
      "eps_actual": 0.00048262005900139075,
      "eps_estimate": 0.000475796517456389,
      "surprise_percent": 1.43413019949798,
      "price_on_date": 0.36930770503136523,
      "revenue_growth": 43.15531517192592,
      "earnings_growth": 26.278351825317987
    },
    {
      "date": "2024-10-31",
      "quarter": "Q4 2024",
      "revenue": 101592104.99168666,
      "earnings": 1827611.2568515108,
      "eps_actual": 0.00045848905605132116,
      "eps_estimate": 0.00046239656485399985,
      "surprise_percent": -0.8450557594242663,
      "price_on_date": 0.3539938548036872,
      "revenue_growth": 34.029315043338,
      "earnings_growth": 38.97352377116561
    },
    {
      "date": "2024-08-02",
      "quarter": "Q3 2024",
      "revenue": 96512499.74210232,
      "earnings": 1736230.6940089352,
      "eps_actual": 0.0004355646032487551,
      "eps_estimate": 0.00043120857386817784,
      "surprise_percent": 1.0101908089399219,
      "price_on_date": 0.3221687806134542,
      "revenue_growth": 30.094391729933886,
      "earnings_growth": 37.50890032117158
    },
    {
      "date": "2024-05-04",
      "quarter": "Q2 2024",
      "revenue": 91686874.7549972,
      "earnings": 1649419.1593084882,
      "eps_actual": 0.0004137863730863173,
      "eps_estimate": 0.00039337786562101555,
      "surprise_percent": 5.1880162177105085,
      "price_on_date": 0.28906783009081327,
      "revenue_growth": 40.459741308861894,
      "earnings_growth": 33.343670832934286
    },
    {
      "date": "2024-02-04",
      "quarter": "Q1 2024",
      "revenue": 87102531.01724733,
      "earnings": 1566948.2013430637,
      "eps_actual": 0.0003930970544320014,
      "eps_estimate": 0.0003942524920639145,
      "surprise_percent": -0.2930704701102528,
      "price_on_date": 0.30726675496993183,
      "revenue_growth": 43.48926794661314,
      "earnings_growth": 40.78594953000112
    },
    {
      "date": "2023-11-06",
      "quarter": "Q4 2023",
      "revenue": 82747404.46638496,
      "earnings": 1488600.7912759106,
      "eps_actual": 0.0003734422017104013,
      "eps_estimate": 0.0003672143013221645,
      "surprise_percent": 1.6959852505234823,
      "price_on_date": 0.2834320805526949,
      "revenue_growth": 42.96346246375862,
      "earnings_growth": 26.567217128140552
    }
  ],
  "metrics": {
    "revenue_trend": [
      {
        "date": "2025-07-28",
        "value": 118492030.89859942
      },
      {
        "date": "2025-04-29",
        "value": 112567429.35366943
      },
      {
        "date": "2025-01-29",
        "value": 106939057.88598597
      },
      {
        "date": "2024-10-31",
        "value": 101592104.99168666
      },
      {
        "date": "2024-08-02",
        "value": 96512499.74210232
      },
      {
        "date": "2024-05-04",
        "value": 91686874.7549972
      },
      {
        "date": "2024-02-04",
        "value": 87102531.01724733
      },
      {
        "date": "2023-11-06",
        "value": 82747404.46638496
      }
    ],
    "eps_trend": [
      {
        "date": "2025-07-28",
        "value": 0.0005347590681455853
      },
      {
        "date": "2025-04-29",
        "value": 0.000508021114738306
      },
      {
        "date": "2025-01-29",
        "value": 0.00048262005900139075
      },
      {
        "date": "2024-10-31",
        "value": 0.00045848905605132116
      },
      {
        "date": "2024-08-02",
        "value": 0.0004355646032487551
      },
      {
        "date": "2024-05-04",
        "value": 0.0004137863730863173
      },
      {
        "date": "2024-02-04",
        "value": 0.0003930970544320014
      },
      {
        "date": "2023-11-06",
        "value": 0.0003734422017104013
      }
    ],
    "earnings_dates": [
      "2025-07-28",
      "2025-04-29",
      "2025-01-29",
      "2024-10-31",
      "2024-08-02",
      "2024-05-04",
      "2024-02-04",
      "2023-11-06"
    ]
  },
  "analysis": {
    "avg_revenue_growth": 36.03548283239888,
    "avg_earnings_surprise": 1.5558283584262114,
    "consistency_score": 76,
    "trend_direction": "growing"
  }
}