{
  "ticker": "OTIS",
  "quarters": [
    {
      "date": "2025-07-28",
      "quarter": "Q3 2025",
      "revenue": 97036068.34201564,
      "earnings": 1135197.817047364,
      "eps_actual": 0.00035984914708165293,
      "eps_estimate": 0.0003439671536619256,
      "surprise_percent": 4.617299428345191,
      "price_on_date": 0.19722203902466864,
      "revenue_growth": 6.147723339489238,
      "earnings_growth": 7.079876569178221
    },
    {
      "date": "2025-04-29",
      "quarter": "Q2 2025",
      "revenue": 92184264.92491485,
      "earnings": 1078437.9261949959,
      "eps_actual": 0.0003418566897275703,
      "eps_estimate": 0.0003395369099301307,
      "surprise_percent": 0.6832187398763085,
      "price_on_date": 0.17551619260800505,
      "revenue_growth": 8.78359804968216,
      "earnings_growth": 6.906551716785172
    },
    {
      "date": "2025-01-29",
      "quarter": "Q1 2025",
      "revenue": 87575051.67866911,
      "earnings": 1024516.029885246,
      "eps_actual": 0.00032476385524119177,
      "eps_estimate": 0.0003247189226188848,
      "surprise_percent": 0.013837389562815404,
      "price_on_date": 0.15204479986831373,
      "revenue_growth": 7.867985720186961,
      "earnings_growth": 7.71968874306112
    },
    {
      "date": "2024-10-31",
      "quarter": "Q4 2024",
      "revenue": 83196299.09473565,
      "earnings": 973290.2283909837,
      "eps_actual": 0.0003085256624791322,
      "eps_estimate": 0.0003128337849291686,
      "surprise_percent": -1.377128257106833,
      "price_on_date": 0.1456103337363871,
      "revenue_growth": 7.932901976823582,
      "earnings_growth": 9.222722510462567
    },
    {
      "date": "2024-08-02",
      "quarter": "Q3 2024",
      "revenue": 79036484.13999887,
      "earnings": 924625.7169714344,
      "eps_actual": 0.00029309937935517553,
      "eps_estimate": 0.00028684358275851506,
      "surprise_percent": 2.1809086807868527,
      "price_on_date": 0.14940559374810505,
      "revenue_growth": 6.2487768004633555,
      "earnings_growth": 7.119324713722811
    },
    {
      "date": "2024-05-04",
      "quarter": "Q2 2024",
      "revenue": 75084659.93299891,
      "earnings": 878394.4311228626,
      "eps_actual": 0.00027844441038741674,
      "eps_estimate": 0.0002670280167804442,
      "surprise_percent": 4.275354228601155,
      "price_on_date": 0.154987243833335,
      "revenue_growth": 7.365781011433848,
      "earnings_growth": 9.558037179449387
    },
    {
      "date": "2024-02-04",
      "quarter": "Q1 2024",
      "revenue": 71330426.93634896,
      "earnings": 834474.7095667194,
      "eps_actual": 0.00026452218986804587,
      "eps_estimate": 0.0002613032944553863,
      "surprise_percent": 1.2318617793811095,
      "price_on_date": 0.1405865301832404,
      "revenue_growth": 7.332108332740025,
      "earnings_growth": 5.634069116927309
    },
    {
      "date": "2023-11-06",
      "quarter": "Q4 2023",
      "revenue": 67763905.58953151,
      "earnings": 792750.9740883834,
      "eps_actual": 0.00025129608037464355,
      "eps_estimate": 0.0002538710869881475,
      "surprise_percent": -1.0142969189808428,
      "price_on_date": 0.1405414694939564,
      "revenue_growth": 7.124472355173103,
      "earnings_growth": 7.189955015553569
    }
  ],
  "metrics": {
    "revenue_trend": [
      {
        "date": "2025-07-28",
        "value": 97036068.34201564
      },
      {
        "date": "2025-04-29",
        "value": 92184264.92491485
      },
      {
        "date": "2025-01-29",
        "value": 87575051.67866911
      },
      {
        "date": "2024-10-31",
        "value": 83196299.09473565
      },
      {
        "date": "2024-08-02",
        "value": 79036484.13999887
      },
      {
        "date": "2024-05-04",
        "value": 75084659.93299891
      },
      {
        "date": "2024-02-04",
        "value": 71330426.93634896
      },
      {
        "date": "2023-11-06",
        "value": 67763905.58953151
      }
    ],
    "eps_trend": [
      {
        "date": "2025-07-28",
        "value": 0.00035984914708165293
      },
      {
        "date": "2025-04-29",
        "value": 0.0003418566897275703
      },
      {
        "date": "2025-01-29",
        "value": 0.00032476385524119177
      },
      {
        "date": "2024-10-31",
        "value": 0.0003085256624791322
      },
      {
        "date": "2024-08-02",
        "value": 0.00029309937935517553
      },
      {
        "date": "2024-05-04",
        "value": 0.00027844441038741674
      },
      {
        "date": "2024-02-04",
        "value": 0.00026452218986804587
      },
      {
        "date": "2023-11-06",
        "value": 0.00025129608037464355
      }
    ],
    "earnings_dates": [
      "2025-07-28",
      "2025-04-29",
      "2025-01-29",
      "2024-10-31",
      "2024-08-02",
      "2024-05-04",
      "2024-02-04",
      "2023-11-06"
    ]
  },
  "analysis": {
    "avg_revenue_growth": 7.683052271545486,
    "avg_earnings_surprise": 0.9843068251693706,
    "consistency_score": 62,
    "trend_direction": "growing"
  }
}