{
  "ticker": "OXY",
  "quarters": [
    {
      "date": "2025-07-28",
      "quarter": "Q3 2025",
      "revenue": 906061370.2267478,
      "earnings": 35585855.98241458,
      "eps_actual": 0.007460068677863152,
      "eps_estimate": 0.007325009380545002,
      "surprise_percent": 1.8438105714494144,
      "price_on_date": 14.954064977669283,
      "revenue_growth": 1.9505099995436732,
      "earnings_growth": 2.240156786942405
    },
    {
      "date": "2025-04-29",
      "quarter": "Q2 2025",
      "revenue": 860758301.7154104,
      "earnings": 33806563.18329386,
      "eps_actual": 0.007087065243969995,
      "eps_estimate": 0.006866131699346143,
      "surprise_percent": 3.2177294916276056,
      "price_on_date": 13.178306911955247,
      "revenue_growth": 1.6217576135939569,
      "earnings_growth": 1.8877793496323905
    },
    {
      "date": "2025-01-29",
      "quarter": "Q1 2025",
      "revenue": 817720386.6296399,
      "earnings": 32116235.024129163,
      "eps_actual": 0.006732711981771495,
      "eps_estimate": 0.0068207285974892975,
      "surprise_percent": -1.29042835321436,
      "price_on_date": 13.065563074223123,
      "revenue_growth": 1.683688419808361,
      "earnings_growth": 1.7936753391901137
    },
    {
      "date": "2024-10-31",
      "quarter": "Q4 2024",
      "revenue": 776834367.2981577,
      "earnings": 30510423.2729227,
      "eps_actual": 0.00639607638268292,
      "eps_estimate": 0.006409444106870361,
      "surprise_percent": -0.20856292627799236,
      "price_on_date": 12.330882766701158,
      "revenue_growth": 1.63128017195886,
      "earnings_growth": 1.5002898502125852
    },
    {
      "date": "2024-08-02",
      "quarter": "Q3 2024",
      "revenue": 737992648.9332498,
      "earnings": 28984902.109276563,
      "eps_actual": 0.006076272563548773,
      "eps_estimate": 0.006003416752149802,
      "surprise_percent": 1.2135724439400646,
      "price_on_date": 13.10152515280625,
      "revenue_growth": 1.592114332006631,
      "earnings_growth": 2.041913900548535
    },
    {
      "date": "2024-05-04",
      "quarter": "Q2 2024",
      "revenue": 701093016.4865873,
      "earnings": 27535657.003812734,
      "eps_actual": 0.0057724589353713345,
      "eps_estimate": 0.0054886211735428675,
      "surprise_percent": 5.171385542086003,
      "price_on_date": 11.958833889362603,
      "revenue_growth": 1.4907291529261193,
      "earnings_growth": 1.541797911490867
    },
    {
      "date": "2024-02-04",
      "quarter": "Q1 2024",
      "revenue": 666038365.6622579,
      "earnings": 26158874.153622095,
      "eps_actual": 0.005483835988602767,
      "eps_estimate": 0.005218413810317517,
      "surprise_percent": 5.086261610002524,
      "price_on_date": 11.673177399296794,
      "revenue_growth": 1.8122162333264284,
      "earnings_growth": 1.695433739860667
    },
    {
      "date": "2023-11-06",
      "quarter": "Q4 2023",
      "revenue": 632736447.3791449,
      "earnings": 24850930.445940986,
      "eps_actual": 0.005209644189172628,
      "eps_estimate": 0.005268375425916789,
      "surprise_percent": -1.1147883739500342,
      "price_on_date": 10.408951292010908,
      "revenue_growth": 1.78704368466096,
      "earnings_growth": 1.8514230824179805
    }
  ],
  "metrics": {
    "revenue_trend": [
      {
        "date": "2025-07-28",
        "value": 906061370.2267478
      },
      {
        "date": "2025-04-29",
        "value": 860758301.7154104
      },
      {
        "date": "2025-01-29",
        "value": 817720386.6296399
      },
      {
        "date": "2024-10-31",
        "value": 776834367.2981577
      },
      {
        "date": "2024-08-02",
        "value": 737992648.9332498
      },
      {
        "date": "2024-05-04",
        "value": 701093016.4865873
      },
      {
        "date": "2024-02-04",
        "value": 666038365.6622579
      },
      {
        "date": "2023-11-06",
        "value": 632736447.3791449
      }
    ],
    "eps_trend": [
      {
        "date": "2025-07-28",
        "value": 0.007460068677863152
      },
      {
        "date": "2025-04-29",
        "value": 0.007087065243969995
      },
      {
        "date": "2025-01-29",
        "value": 0.006732711981771495
      },
      {
        "date": "2024-10-31",
        "value": 0.00639607638268292
      },
      {
        "date": "2024-08-02",
        "value": 0.006076272563548773
      },
      {
        "date": "2024-05-04",
        "value": 0.0057724589353713345
      },
      {
        "date": "2024-02-04",
        "value": 0.005483835988602767
      },
      {
        "date": "2023-11-06",
        "value": 0.005209644189172628
      }
    ],
    "earnings_dates": [
      "2025-07-28",
      "2025-04-29",
      "2025-01-29",
      "2024-10-31",
      "2024-08-02",
      "2024-05-04",
      "2024-02-04",
      "2023-11-06"
    ]
  },
  "analysis": {
    "avg_revenue_growth": 1.7218090512262128,
    "avg_earnings_surprise": 0.890637195896167,
    "consistency_score": 65,
    "trend_direction": "stable"
  }
}