{
  "ticker": "PANW",
  "quarters": [
    {
      "date": "2025-07-28",
      "quarter": "Q3 2025",
      "revenue": 2465454377.1820717,
      "earnings": 128600967.83821426,
      "eps_actual": 0.08229728333534325,
      "eps_estimate": 0.08044533183281292,
      "surprise_percent": 2.3021242629456506,
      "price_on_date": 12.256928292879504,
      "revenue_growth": -13.59836325854326,
      "earnings_growth": -10.623478023104076
    },
    {
      "date": "2025-04-29",
      "quarter": "Q2 2025",
      "revenue": 2342181658.322968,
      "earnings": 122170919.44630355,
      "eps_actual": 0.07818241916857609,
      "eps_estimate": 0.07788294890395397,
      "surprise_percent": 0.3845132584687076,
      "price_on_date": 11.602594029903043,
      "revenue_growth": -13.091763978942067,
      "earnings_growth": -9.619609954246853
    },
    {
      "date": "2025-01-29",
      "quarter": "Q1 2025",
      "revenue": 2225072575.40682,
      "earnings": 116062373.47398838,
      "eps_actual": 0.0742732982101473,
      "eps_estimate": 0.07256310834454502,
      "surprise_percent": 2.3568310462693263,
      "price_on_date": 11.415094799401935,
      "revenue_growth": -11.809359605196505,
      "earnings_growth": -8.60143408095645
    },
    {
      "date": "2024-10-31",
      "quarter": "Q4 2024",
      "revenue": 2113818946.6364784,
      "earnings": 110259254.80028895,
      "eps_actual": 0.07055963329963992,
      "eps_estimate": 0.06892115312295444,
      "surprise_percent": 2.377325541495883,
      "price_on_date": 11.110585041512008,
      "revenue_growth": -11.764198098102092,
      "earnings_growth": -9.731659752959928
    },
    {
      "date": "2024-08-02",
      "quarter": "Q3 2024",
      "revenue": 2008127999.3046544,
      "earnings": 104746292.0602745,
      "eps_actual": 0.06703165163465792,
      "eps_estimate": 0.06548782097843137,
      "surprise_percent": 2.357431707393381,
      "price_on_date": 9.767289031505857,
      "revenue_growth": -10.519151019018285,
      "earnings_growth": -8.861360727380035
    },
    {
      "date": "2024-05-04",
      "quarter": "Q2 2024",
      "revenue": 1907721599.3394215,
      "earnings": 99508977.45726076,
      "eps_actual": 0.06368006905292502,
      "eps_estimate": 0.0633533860148762,
      "surprise_percent": 0.5156520568168413,
      "price_on_date": 10.342138162222756,
      "revenue_growth": -9.602988558682378,
      "earnings_growth": -9.272768920822573
    },
    {
      "date": "2024-02-04",
      "quarter": "Q1 2024",
      "revenue": 1812335519.3724504,
      "earnings": 94533528.58439772,
      "eps_actual": 0.060496065600278766,
      "eps_estimate": 0.059098028132725945,
      "surprise_percent": 2.3656245592712892,
      "price_on_date": 8.24587376124321,
      "revenue_growth": -11.919130858405344,
      "earnings_growth": -9.295422183737996
    },
    {
      "date": "2023-11-06",
      "quarter": "Q4 2023",
      "revenue": 1721718743.4038277,
      "earnings": 89806852.15517782,
      "eps_actual": 0.05747126232026482,
      "eps_estimate": 0.05605859135769515,
      "surprise_percent": 2.519990118117284,
      "price_on_date": 7.66071774675487,
      "revenue_growth": -13.509783291525215,
      "earnings_growth": -15.215487643385975
    }
  ],
  "metrics": {
    "revenue_trend": [
      {
        "date": "2025-07-28",
        "value": 2465454377.1820717
      },
      {
        "date": "2025-04-29",
        "value": 2342181658.322968
      },
      {
        "date": "2025-01-29",
        "value": 2225072575.40682
      },
      {
        "date": "2024-10-31",
        "value": 2113818946.6364784
      },
      {
        "date": "2024-08-02",
        "value": 2008127999.3046544
      },
      {
        "date": "2024-05-04",
        "value": 1907721599.3394215
      },
      {
        "date": "2024-02-04",
        "value": 1812335519.3724504
      },
      {
        "date": "2023-11-06",
        "value": 1721718743.4038277
      }
    ],
    "eps_trend": [
      {
        "date": "2025-07-28",
        "value": 0.08229728333534325
      },
      {
        "date": "2025-04-29",
        "value": 0.07818241916857609
      },
      {
        "date": "2025-01-29",
        "value": 0.0742732982101473
      },
      {
        "date": "2024-10-31",
        "value": 0.07055963329963992
      },
      {
        "date": "2024-08-02",
        "value": 0.06703165163465792
      },
      {
        "date": "2024-05-04",
        "value": 0.06368006905292502
      },
      {
        "date": "2024-02-04",
        "value": 0.060496065600278766
      },
      {
        "date": "2023-11-06",
        "value": 0.05747126232026482
      }
    ],
    "earnings_dates": [
      "2025-07-28",
      "2025-04-29",
      "2025-01-29",
      "2024-10-31",
      "2024-08-02",
      "2024-05-04",
      "2024-02-04",
      "2023-11-06"
    ]
  },
  "analysis": {
    "avg_revenue_growth": -12.565921235195981,
    "avg_earnings_surprise": 1.8551985272948919,
    "consistency_score": 74,
    "trend_direction": "declining"
  }
}