{
  "ticker": "PARA",
  "quarters": [
    {
      "date": "2025-07-28",
      "quarter": "Q3 2025",
      "revenue": 103622877.67834495,
      "earnings": 4371057.566348812,
      "eps_actual": 0.004136880767744268,
      "eps_estimate": 0.004183814927405363,
      "surprise_percent": -1.1218029591524301,
      "price_on_date": 0.5428203107412743,
      "revenue_growth": -2.99039193779287,
      "earnings_growth": -2.7558451409412696
    },
    {
      "date": "2025-04-29",
      "quarter": "Q2 2025",
      "revenue": 98441733.7944277,
      "earnings": 4152504.6880313708,
      "eps_actual": 0.003930036729357054,
      "eps_estimate": 0.003970049313738901,
      "surprise_percent": -1.0078611427666035,
      "price_on_date": 0.5768924769060593,
      "revenue_growth": -2.4571355395338097,
      "earnings_growth": -2.9397640568622547
    },
    {
      "date": "2025-01-29",
      "quarter": "Q1 2025",
      "revenue": 93519647.10470632,
      "earnings": 3944879.4536298024,
      "eps_actual": 0.003733534892889202,
      "eps_estimate": 0.003562467181256026,
      "surprise_percent": 4.801944914278827,
      "price_on_date": 0.48291942466276244,
      "revenue_growth": -2.436037357226465,
      "earnings_growth": -3.3337516885814877
    },
    {
      "date": "2024-10-31",
      "quarter": "Q4 2024",
      "revenue": 88843664.749471,
      "earnings": 3747635.480948312,
      "eps_actual": 0.003546858148244742,
      "eps_estimate": 0.0035452845462689707,
      "surprise_percent": 0.04438577370121953,
      "price_on_date": 0.50894961431616,
      "revenue_growth": -3.039127839189749,
      "earnings_growth": -3.335886745242457
    },
    {
      "date": "2024-08-02",
      "quarter": "Q3 2024",
      "revenue": 84401481.51199743,
      "earnings": 3560253.706900896,
      "eps_actual": 0.003369515240832504,
      "eps_estimate": 0.0032797328205972282,
      "surprise_percent": 2.7374918978591314,
      "price_on_date": 0.47904791599234314,
      "revenue_growth": -2.4045688487667585,
      "earnings_growth": -2.2422303194756577
    },
    {
      "date": "2024-05-04",
      "quarter": "Q2 2024",
      "revenue": 80181407.43639755,
      "earnings": 3382241.0215558507,
      "eps_actual": 0.0032010394787908786,
      "eps_estimate": 0.0032482317852915482,
      "surprise_percent": -1.4528614218468965,
      "price_on_date": 0.4110960768050333,
      "revenue_growth": -3.445596204668929,
      "earnings_growth": -3.3691370966941405
    },
    {
      "date": "2024-02-04",
      "quarter": "Q1 2024",
      "revenue": 76172337.06457768,
      "earnings": 3213128.970478059,
      "eps_actual": 0.0030409875048513354,
      "eps_estimate": 0.0030221419530897515,
      "surprise_percent": 0.6235826130641126,
      "price_on_date": 0.42571669978982957,
      "revenue_growth": -3.1171214183348055,
      "earnings_growth": -2.321588167243556
    },
    {
      "date": "2023-11-06",
      "quarter": "Q4 2023",
      "revenue": 72363720.21134879,
      "earnings": 3052472.521954155,
      "eps_actual": 0.002888938129608768,
      "eps_estimate": 0.0028322080974741517,
      "surprise_percent": 2.003031916518061,
      "price_on_date": 0.43394105718243703,
      "revenue_growth": -2.799607352323429,
      "earnings_growth": -3.3020191054257535
    }
  ],
  "metrics": {
    "revenue_trend": [
      {
        "date": "2025-07-28",
        "value": 103622877.67834495
      },
      {
        "date": "2025-04-29",
        "value": 98441733.7944277
      },
      {
        "date": "2025-01-29",
        "value": 93519647.10470632
      },
      {
        "date": "2024-10-31",
        "value": 88843664.749471
      },
      {
        "date": "2024-08-02",
        "value": 84401481.51199743
      },
      {
        "date": "2024-05-04",
        "value": 80181407.43639755
      },
      {
        "date": "2024-02-04",
        "value": 76172337.06457768
      },
      {
        "date": "2023-11-06",
        "value": 72363720.21134879
      }
    ],
    "eps_trend": [
      {
        "date": "2025-07-28",
        "value": 0.004136880767744268
      },
      {
        "date": "2025-04-29",
        "value": 0.003930036729357054
      },
      {
        "date": "2025-01-29",
        "value": 0.003733534892889202
      },
      {
        "date": "2024-10-31",
        "value": 0.003546858148244742
      },
      {
        "date": "2024-08-02",
        "value": 0.003369515240832504
      },
      {
        "date": "2024-05-04",
        "value": 0.0032010394787908786
      },
      {
        "date": "2024-02-04",
        "value": 0.0030409875048513354
      },
      {
        "date": "2023-11-06",
        "value": 0.002888938129608768
      }
    ],
    "earnings_dates": [
      "2025-07-28",
      "2025-04-29",
      "2025-01-29",
      "2024-10-31",
      "2024-08-02",
      "2024-05-04",
      "2024-02-04",
      "2023-11-06"
    ]
  },
  "analysis": {
    "avg_revenue_growth": -2.7306731684357235,
    "avg_earnings_surprise": 0.6791666465152532,
    "consistency_score": 63,
    "trend_direction": "stable"
  }
}