{
  "ticker": "PAYC",
  "quarters": [
    {
      "date": "2025-07-28",
      "quarter": "Q3 2025",
      "revenue": 67086106.95184697,
      "earnings": 1665892.1799549807,
      "eps_actual": 0.0015890872508472135,
      "eps_estimate": 0.0015130670600442743,
      "surprise_percent": 5.024244649190549,
      "price_on_date": 1.335819029669219,
      "revenue_growth": -15.695311309100346,
      "earnings_growth": -10.050562870067056
    },
    {
      "date": "2025-04-29",
      "quarter": "Q2 2025",
      "revenue": 63731801.60425462,
      "earnings": 1582597.5709572316,
      "eps_actual": 0.0015096328883048528,
      "eps_estimate": 0.001471271515152037,
      "surprise_percent": 2.6073619150338514,
      "price_on_date": 1.1729318160043745,
      "revenue_growth": -13.869645671078947,
      "earnings_growth": -11.053917814841853
    },
    {
      "date": "2025-01-29",
      "quarter": "Q1 2025",
      "revenue": 60545211.52404189,
      "earnings": 1503467.69240937,
      "eps_actual": 0.0014341512438896102,
      "eps_estimate": 0.0014062147814038733,
      "surprise_percent": 1.9866426420185213,
      "price_on_date": 1.0814755064632415,
      "revenue_growth": -11.73992847837805,
      "earnings_growth": -16.259153908843608
    },
    {
      "date": "2024-10-31",
      "quarter": "Q4 2024",
      "revenue": 57517950.94783979,
      "earnings": 1428294.3077889013,
      "eps_actual": 0.0013624436816951295,
      "eps_estimate": 0.001302255850969916,
      "surprise_percent": 4.6218130393029675,
      "price_on_date": 1.0392887049282997,
      "revenue_growth": -15.01100976101354,
      "earnings_growth": -18.068426521438663
    },
    {
      "date": "2024-08-02",
      "quarter": "Q3 2024",
      "revenue": 54642053.4004478,
      "earnings": 1356879.5923994563,
      "eps_actual": 0.001294321497610373,
      "eps_estimate": 0.0012913775250347845,
      "surprise_percent": 0.2279714892443376,
      "price_on_date": 1.0738583293395858,
      "revenue_growth": -13.838685858535433,
      "earnings_growth": -17.849941998199345
    },
    {
      "date": "2024-05-04",
      "quarter": "Q2 2024",
      "revenue": 51909950.7304254,
      "earnings": 1289035.6127794832,
      "eps_actual": 0.001229605422729854,
      "eps_estimate": 0.001194717540531085,
      "surprise_percent": 2.920178286096011,
      "price_on_date": 0.9002351455585073,
      "revenue_growth": -14.905856943413065,
      "earnings_growth": -18.06971050449062
    },
    {
      "date": "2024-02-04",
      "quarter": "Q1 2024",
      "revenue": 49314453.19390413,
      "earnings": 1224583.832140509,
      "eps_actual": 0.0011681251515933615,
      "eps_estimate": 0.0011425923348178865,
      "surprise_percent": 2.2346392494873957,
      "price_on_date": 0.9128134827180879,
      "revenue_growth": -15.454647137128925,
      "earnings_growth": -16.470061391009725
    },
    {
      "date": "2023-11-06",
      "quarter": "Q4 2023",
      "revenue": 46848730.53420892,
      "earnings": 1163354.6405334836,
      "eps_actual": 0.0011097188940136934,
      "eps_estimate": 0.0010858098896782313,
      "surprise_percent": 2.2019512405203097,
      "price_on_date": 0.9075819269693448,
      "revenue_growth": -14.263444755894708,
      "earnings_growth": -13.832253187624804
    }
  ],
  "metrics": {
    "revenue_trend": [
      {
        "date": "2025-07-28",
        "value": 67086106.95184697
      },
      {
        "date": "2025-04-29",
        "value": 63731801.60425462
      },
      {
        "date": "2025-01-29",
        "value": 60545211.52404189
      },
      {
        "date": "2024-10-31",
        "value": 57517950.94783979
      },
      {
        "date": "2024-08-02",
        "value": 54642053.4004478
      },
      {
        "date": "2024-05-04",
        "value": 51909950.7304254
      },
      {
        "date": "2024-02-04",
        "value": 49314453.19390413
      },
      {
        "date": "2023-11-06",
        "value": 46848730.53420892
      }
    ],
    "eps_trend": [
      {
        "date": "2025-07-28",
        "value": 0.0015890872508472135
      },
      {
        "date": "2025-04-29",
        "value": 0.0015096328883048528
      },
      {
        "date": "2025-01-29",
        "value": 0.0014341512438896102
      },
      {
        "date": "2024-10-31",
        "value": 0.0013624436816951295
      },
      {
        "date": "2024-08-02",
        "value": 0.001294321497610373
      },
      {
        "date": "2024-05-04",
        "value": 0.001229605422729854
      },
      {
        "date": "2024-02-04",
        "value": 0.0011681251515933615
      },
      {
        "date": "2023-11-06",
        "value": 0.0011097188940136934
      }
    ],
    "earnings_dates": [
      "2025-07-28",
      "2025-04-29",
      "2025-01-29",
      "2024-10-31",
      "2024-08-02",
      "2024-05-04",
      "2024-02-04",
      "2023-11-06"
    ]
  },
  "analysis": {
    "avg_revenue_growth": -14.07897380489272,
    "avg_earnings_surprise": 3.5600155613864723,
    "consistency_score": 65,
    "trend_direction": "declining"
  }
}