{
  "ticker": "PAYX",
  "quarters": [
    {
      "date": "2025-07-28",
      "quarter": "Q3 2025",
      "revenue": 51738336.627828896,
      "earnings": 6730320.152974682,
      "eps_actual": 0.001474925311160754,
      "eps_estimate": 0.0014372290054384168,
      "surprise_percent": 2.622846156019391,
      "price_on_date": 0.327449308052586,
      "revenue_growth": -6.152890268762327,
      "earnings_growth": -8.372222633269132
    },
    {
      "date": "2025-04-29",
      "quarter": "Q2 2025",
      "revenue": 49151419.79643745,
      "earnings": 6393804.145325948,
      "eps_actual": 0.0014011790456027163,
      "eps_estimate": 0.0013451034479805783,
      "surprise_percent": 4.168868774095038,
      "price_on_date": 0.34855737486125554,
      "revenue_growth": -7.808108500855254,
      "earnings_growth": -6.334328964081945
    },
    {
      "date": "2025-01-29",
      "quarter": "Q1 2025",
      "revenue": 46693848.806615576,
      "earnings": 6074113.938059649,
      "eps_actual": 0.0013311200933225804,
      "eps_estimate": 0.0013044029480232212,
      "surprise_percent": 2.0482279145296456,
      "price_on_date": 0.34321160381550725,
      "revenue_growth": -7.103070708794493,
      "earnings_growth": -5.132596121287262
    },
    {
      "date": "2024-10-31",
      "quarter": "Q4 2024",
      "revenue": 44359156.366284795,
      "earnings": 5770408.2411566675,
      "eps_actual": 0.0012645640886564515,
      "eps_estimate": 0.0012603477864782785,
      "surprise_percent": 0.33453481835789983,
      "price_on_date": 0.27585620022858337,
      "revenue_growth": -6.106992649402092,
      "earnings_growth": -4.890179923664222
    },
    {
      "date": "2024-08-02",
      "quarter": "Q3 2024",
      "revenue": 42141198.547970556,
      "earnings": 5481887.829098834,
      "eps_actual": 0.0012013358842236288,
      "eps_estimate": 0.0011502203264816113,
      "surprise_percent": 4.4439796937317215,
      "price_on_date": 0.2963550521727156,
      "revenue_growth": -5.793869646654855,
      "earnings_growth": -4.775948782136804
    },
    {
      "date": "2024-05-04",
      "quarter": "Q2 2024",
      "revenue": 40034138.62057202,
      "earnings": 5207793.437643891,
      "eps_actual": 0.0011412690900124472,
      "eps_estimate": 0.0011341184130638836,
      "surprise_percent": 0.6305053216838002,
      "price_on_date": 0.2545400651880399,
      "revenue_growth": -7.286361460473002,
      "earnings_growth": -5.248109380612375
    },
    {
      "date": "2024-02-04",
      "quarter": "Q1 2024",
      "revenue": 38032431.68954342,
      "earnings": 4947403.765761697,
      "eps_actual": 0.0010842056355118248,
      "eps_estimate": 0.0011053695475021937,
      "surprise_percent": -1.91464583389266,
      "price_on_date": 0.277349850014105,
      "revenue_growth": -7.292731718694309,
      "earnings_growth": -5.741567157823242
    },
    {
      "date": "2023-11-06",
      "quarter": "Q4 2023",
      "revenue": 36130810.10506625,
      "earnings": 4700033.577473612,
      "eps_actual": 0.0010299953537362336,
      "eps_estimate": 0.001043209033635187,
      "surprise_percent": -1.2666377948155676,
      "price_on_date": 0.25792355251136373,
      "revenue_growth": -5.950902536240391,
      "earnings_growth": -5.220394939474349
    }
  ],
  "metrics": {
    "revenue_trend": [
      {
        "date": "2025-07-28",
        "value": 51738336.627828896
      },
      {
        "date": "2025-04-29",
        "value": 49151419.79643745
      },
      {
        "date": "2025-01-29",
        "value": 46693848.806615576
      },
      {
        "date": "2024-10-31",
        "value": 44359156.366284795
      },
      {
        "date": "2024-08-02",
        "value": 42141198.547970556
      },
      {
        "date": "2024-05-04",
        "value": 40034138.62057202
      },
      {
        "date": "2024-02-04",
        "value": 38032431.68954342
      },
      {
        "date": "2023-11-06",
        "value": 36130810.10506625
      }
    ],
    "eps_trend": [
      {
        "date": "2025-07-28",
        "value": 0.001474925311160754
      },
      {
        "date": "2025-04-29",
        "value": 0.0014011790456027163
      },
      {
        "date": "2025-01-29",
        "value": 0.0013311200933225804
      },
      {
        "date": "2024-10-31",
        "value": 0.0012645640886564515
      },
      {
        "date": "2024-08-02",
        "value": 0.0012013358842236288
      },
      {
        "date": "2024-05-04",
        "value": 0.0011412690900124472
      },
      {
        "date": "2024-02-04",
        "value": 0.0010842056355118248
      },
      {
        "date": "2023-11-06",
        "value": 0.0010299953537362336
      }
    ],
    "earnings_dates": [
      "2025-07-28",
      "2025-04-29",
      "2025-01-29",
      "2024-10-31",
      "2024-08-02",
      "2024-05-04",
      "2024-02-04",
      "2023-11-06"
    ]
  },
  "analysis": {
    "avg_revenue_growth": -6.792765531953542,
    "avg_earnings_surprise": 2.2936194157504937,
    "consistency_score": 82,
    "trend_direction": "declining"
  }
}