{
  "ticker": "PCAR",
  "quarters": [
    {
      "date": "2025-07-28",
      "quarter": "Q3 2025",
      "revenue": 79843440.11711681,
      "earnings": 18703563.710799318,
      "eps_actual": 0.007091508835084516,
      "eps_estimate": 0.007151265690132377,
      "surprise_percent": -0.8356122907070274,
      "price_on_date": 0.6086957119955273,
      "revenue_growth": 29.467848937646036,
      "earnings_growth": 35.66892618244071
    },
    {
      "date": "2025-04-29",
      "quarter": "Q2 2025",
      "revenue": 75851268.11126097,
      "earnings": 17768385.525259353,
      "eps_actual": 0.006736933393330291,
      "eps_estimate": 0.006819195525857364,
      "surprise_percent": -1.2063319231007161,
      "price_on_date": 0.5544720409391471,
      "revenue_growth": 38.0401123248863,
      "earnings_growth": 40.66106106847904
    },
    {
      "date": "2025-01-29",
      "quarter": "Q1 2025",
      "revenue": 72058704.70569792,
      "earnings": 16879966.24899639,
      "eps_actual": 0.0064000867236637775,
      "eps_estimate": 0.006373099148369209,
      "surprise_percent": 0.4234607789127812,
      "price_on_date": 0.5452342049402931,
      "revenue_growth": 26.331369312873814,
      "earnings_growth": 40.3439270978457
    },
    {
      "date": "2024-10-31",
      "quarter": "Q4 2024",
      "revenue": 68455769.47041301,
      "earnings": 16035967.936546564,
      "eps_actual": 0.006080082387480587,
      "eps_estimate": 0.005782384573556899,
      "surprise_percent": 5.1483572241990565,
      "price_on_date": 0.5394128096700109,
      "revenue_growth": 25.93902354181393,
      "earnings_growth": 22.98388801330646
    },
    {
      "date": "2024-08-02",
      "quarter": "Q3 2024",
      "revenue": 65032980.99689236,
      "earnings": 15234169.539719235,
      "eps_actual": 0.005776078268106557,
      "eps_estimate": 0.005703802699217722,
      "surprise_percent": 1.267147071877996,
      "price_on_date": 0.5376464997519768,
      "revenue_growth": 29.0266025908234,
      "earnings_growth": 35.41798247651793
    },
    {
      "date": "2024-05-04",
      "quarter": "Q2 2024",
      "revenue": 61781331.94704773,
      "earnings": 14472461.062733272,
      "eps_actual": 0.005487274354701229,
      "eps_estimate": 0.005396455792923648,
      "surprise_percent": 1.6829297832231023,
      "price_on_date": 0.4473251029327024,
      "revenue_growth": 27.132368183271815,
      "earnings_growth": 34.765043478753064
    },
    {
      "date": "2024-02-04",
      "quarter": "Q1 2024",
      "revenue": 58692265.34969535,
      "earnings": 13748838.009596609,
      "eps_actual": 0.005212910636966168,
      "eps_estimate": 0.005004766438740172,
      "surprise_percent": 4.158919317689302,
      "price_on_date": 0.4778606079723373,
      "revenue_growth": 34.32857919911074,
      "earnings_growth": 36.43381574554008
    },
    {
      "date": "2023-11-06",
      "quarter": "Q4 2023",
      "revenue": 55757652.08221058,
      "earnings": 13061396.109116778,
      "eps_actual": 0.004952265105117859,
      "eps_estimate": 0.004909620558680729,
      "surprise_percent": 0.868591491489694,
      "price_on_date": 0.42672523727567274,
      "revenue_growth": 27.837414567308596,
      "earnings_growth": 23.32840741991486
    }
  ],
  "metrics": {
    "revenue_trend": [
      {
        "date": "2025-07-28",
        "value": 79843440.11711681
      },
      {
        "date": "2025-04-29",
        "value": 75851268.11126097
      },
      {
        "date": "2025-01-29",
        "value": 72058704.70569792
      },
      {
        "date": "2024-10-31",
        "value": 68455769.47041301
      },
      {
        "date": "2024-08-02",
        "value": 65032980.99689236
      },
      {
        "date": "2024-05-04",
        "value": 61781331.94704773
      },
      {
        "date": "2024-02-04",
        "value": 58692265.34969535
      },
      {
        "date": "2023-11-06",
        "value": 55757652.08221058
      }
    ],
    "eps_trend": [
      {
        "date": "2025-07-28",
        "value": 0.007091508835084516
      },
      {
        "date": "2025-04-29",
        "value": 0.006736933393330291
      },
      {
        "date": "2025-01-29",
        "value": 0.0064000867236637775
      },
      {
        "date": "2024-10-31",
        "value": 0.006080082387480587
      },
      {
        "date": "2024-08-02",
        "value": 0.005776078268106557
      },
      {
        "date": "2024-05-04",
        "value": 0.005487274354701229
      },
      {
        "date": "2024-02-04",
        "value": 0.005212910636966168
      },
      {
        "date": "2023-11-06",
        "value": 0.004952265105117859
      }
    ],
    "earnings_dates": [
      "2025-07-28",
      "2025-04-29",
      "2025-01-29",
      "2024-10-31",
      "2024-08-02",
      "2024-05-04",
      "2024-02-04",
      "2023-11-06"
    ]
  },
  "analysis": {
    "avg_revenue_growth": 29.944588529305022,
    "avg_earnings_surprise": 0.8824684473260236,
    "consistency_score": 76,
    "trend_direction": "growing"
  }
}