{
  "ticker": "PCG",
  "quarters": [
    {
      "date": "2025-07-28",
      "quarter": "Q3 2025",
      "revenue": 98198010.93983266,
      "earnings": 29919333.67009502,
      "eps_actual": 0.01248176804283737,
      "eps_estimate": 0.012199444814374003,
      "surprise_percent": 2.3142301371839458,
      "price_on_date": 0.553651466272655,
      "revenue_growth": -4.068849916439928,
      "earnings_growth": -4.14175919885231
    },
    {
      "date": "2025-04-29",
      "quarter": "Q2 2025",
      "revenue": 93288110.39284103,
      "earnings": 28423366.98659027,
      "eps_actual": 0.011857679640695503,
      "eps_estimate": 0.011866735914909268,
      "surprise_percent": -0.07631647218496415,
      "price_on_date": 0.5737364085626347,
      "revenue_growth": -4.894911821910048,
      "earnings_growth": -3.7881375135877935
    },
    {
      "date": "2025-01-29",
      "quarter": "Q1 2025",
      "revenue": 88623704.87319897,
      "earnings": 27002198.637260754,
      "eps_actual": 0.011264795658660726,
      "eps_estimate": 0.011392521285889353,
      "surprise_percent": -1.1211357347809092,
      "price_on_date": 0.5414678155149071,
      "revenue_growth": -5.0005864322295945,
      "earnings_growth": -3.5716399622594253
    },
    {
      "date": "2024-10-31",
      "quarter": "Q4 2024",
      "revenue": 84192519.62953901,
      "earnings": 25652088.705397714,
      "eps_actual": 0.01070155587572769,
      "eps_estimate": 0.010870862878021886,
      "surprise_percent": -1.5574384866586088,
      "price_on_date": 0.5352040348039163,
      "revenue_growth": -4.424573725810138,
      "earnings_growth": -3.6957829112999727
    },
    {
      "date": "2024-08-02",
      "quarter": "Q3 2024",
      "revenue": 79982893.64806207,
      "earnings": 24369484.27012783,
      "eps_actual": 0.010166478081941306,
      "eps_estimate": 0.010140461844390061,
      "surprise_percent": 0.2565587046278106,
      "price_on_date": 0.4674793423844109,
      "revenue_growth": -5.510964164689799,
      "earnings_growth": -4.694720578960805
    },
    {
      "date": "2024-05-04",
      "quarter": "Q2 2024",
      "revenue": 75983748.96565895,
      "earnings": 23151010.056621432,
      "eps_actual": 0.009658154177844238,
      "eps_estimate": 0.009592314695967632,
      "surprise_percent": 0.6863774173743843,
      "price_on_date": 0.4344857172357544,
      "revenue_growth": -5.05097573661595,
      "earnings_growth": -5.511075631356621
    },
    {
      "date": "2024-02-04",
      "quarter": "Q1 2024",
      "revenue": 72184561.517376,
      "earnings": 21993459.55379036,
      "eps_actual": 0.009175246468952026,
      "eps_estimate": 0.009037570660483643,
      "surprise_percent": 1.5233718622014638,
      "price_on_date": 0.4300462850253144,
      "revenue_growth": -5.544220934110292,
      "earnings_growth": -5.419646903375629
    },
    {
      "date": "2023-11-06",
      "quarter": "Q4 2023",
      "revenue": 68575333.44150719,
      "earnings": 20893786.57610084,
      "eps_actual": 0.008716484145504425,
      "eps_estimate": 0.00887509726234186,
      "surprise_percent": -1.78717046302637,
      "price_on_date": 0.3967232915296432,
      "revenue_growth": -4.571578705597671,
      "earnings_growth": -5.664300476719536
    }
  ],
  "metrics": {
    "revenue_trend": [
      {
        "date": "2025-07-28",
        "value": 98198010.93983266
      },
      {
        "date": "2025-04-29",
        "value": 93288110.39284103
      },
      {
        "date": "2025-01-29",
        "value": 88623704.87319897
      },
      {
        "date": "2024-10-31",
        "value": 84192519.62953901
      },
      {
        "date": "2024-08-02",
        "value": 79982893.64806207
      },
      {
        "date": "2024-05-04",
        "value": 75983748.96565895
      },
      {
        "date": "2024-02-04",
        "value": 72184561.517376
      },
      {
        "date": "2023-11-06",
        "value": 68575333.44150719
      }
    ],
    "eps_trend": [
      {
        "date": "2025-07-28",
        "value": 0.01248176804283737
      },
      {
        "date": "2025-04-29",
        "value": 0.011857679640695503
      },
      {
        "date": "2025-01-29",
        "value": 0.011264795658660726
      },
      {
        "date": "2024-10-31",
        "value": 0.01070155587572769
      },
      {
        "date": "2024-08-02",
        "value": 0.010166478081941306
      },
      {
        "date": "2024-05-04",
        "value": 0.009658154177844238
      },
      {
        "date": "2024-02-04",
        "value": 0.009175246468952026
      },
      {
        "date": "2023-11-06",
        "value": 0.008716484145504425
      }
    ],
    "earnings_dates": [
      "2025-07-28",
      "2025-04-29",
      "2025-01-29",
      "2024-10-31",
      "2024-08-02",
      "2024-05-04",
      "2024-02-04",
      "2023-11-06"
    ]
  },
  "analysis": {
    "avg_revenue_growth": -4.597230474097428,
    "avg_earnings_surprise": -0.11016513911013415,
    "consistency_score": 85,
    "trend_direction": "stable"
  }
}