{
  "ticker": "PEG",
  "quarters": [
    {
      "date": "2025-07-28",
      "quarter": "Q3 2025",
      "revenue": 113752660.18371573,
      "earnings": 5705152.003658593,
      "eps_actual": 0.001351832165842086,
      "eps_estimate": 0.0013351578985464011,
      "surprise_percent": 1.2488610758201937,
      "price_on_date": 0.30795119527849296,
      "revenue_growth": 20.555474054936052,
      "earnings_growth": 27.636724914764557
    },
    {
      "date": "2025-04-29",
      "quarter": "Q2 2025",
      "revenue": 108065027.17452994,
      "earnings": 5419894.403475664,
      "eps_actual": 0.001284240557549982,
      "eps_estimate": 0.001247520521610746,
      "surprise_percent": 2.9434414346807434,
      "price_on_date": 0.3079702908857152,
      "revenue_growth": 22.743951382519928,
      "earnings_growth": 19.554877967167425
    },
    {
      "date": "2025-01-29",
      "quarter": "Q1 2025",
      "revenue": 102661775.81580344,
      "earnings": 5148899.68330188,
      "eps_actual": 0.0012200285296724827,
      "eps_estimate": 0.0012228727484858706,
      "surprise_percent": -0.23258501891627836,
      "price_on_date": 0.28091052940354355,
      "revenue_growth": 18.60956091156757,
      "earnings_growth": 24.1657412930893
    },
    {
      "date": "2024-10-31",
      "quarter": "Q4 2024",
      "revenue": 97528687.02501327,
      "earnings": 4891454.699136786,
      "eps_actual": 0.0011590271031888587,
      "eps_estimate": 0.001120986561039687,
      "surprise_percent": 3.3934877964897345,
      "price_on_date": 0.27322565658433967,
      "revenue_growth": 21.11133259198815,
      "earnings_growth": 17.973218185028163
    },
    {
      "date": "2024-08-02",
      "quarter": "Q3 2024",
      "revenue": 92652252.67376259,
      "earnings": 4646881.964179946,
      "eps_actual": 0.0011010757480294155,
      "eps_estimate": 0.0010876321863935363,
      "surprise_percent": 1.2360393342584433,
      "price_on_date": 0.2657200193055435,
      "revenue_growth": 20.55007514054631,
      "earnings_growth": 19.259194769930087
    },
    {
      "date": "2024-05-04",
      "quarter": "Q2 2024",
      "revenue": 88019640.04007445,
      "earnings": 4414537.865970948,
      "eps_actual": 0.0010460219606279444,
      "eps_estimate": 0.0010265888229210923,
      "surprise_percent": 1.8929816176603582,
      "price_on_date": 0.270173158766404,
      "revenue_growth": 21.290987487480592,
      "earnings_growth": 19.865848197422245
    },
    {
      "date": "2024-02-04",
      "quarter": "Q1 2024",
      "revenue": 83618658.03807074,
      "earnings": 4193810.972672401,
      "eps_actual": 0.0009937208625965474,
      "eps_estimate": 0.0009828975273369562,
      "surprise_percent": 1.101166190631872,
      "price_on_date": 0.23751330553525396,
      "revenue_growth": 18.530840459714174,
      "earnings_growth": 29.363102190022733
    },
    {
      "date": "2023-11-06",
      "quarter": "Q4 2023",
      "revenue": 79437725.13616718,
      "earnings": 3984120.4240387804,
      "eps_actual": 0.0009440348194667199,
      "eps_estimate": 0.000942508990510455,
      "surprise_percent": 0.16189012217682136,
      "price_on_date": 0.217244565318963,
      "revenue_growth": 23.053114531652163,
      "earnings_growth": 26.325712871647955
    }
  ],
  "metrics": {
    "revenue_trend": [
      {
        "date": "2025-07-28",
        "value": 113752660.18371573
      },
      {
        "date": "2025-04-29",
        "value": 108065027.17452994
      },
      {
        "date": "2025-01-29",
        "value": 102661775.81580344
      },
      {
        "date": "2024-10-31",
        "value": 97528687.02501327
      },
      {
        "date": "2024-08-02",
        "value": 92652252.67376259
      },
      {
        "date": "2024-05-04",
        "value": 88019640.04007445
      },
      {
        "date": "2024-02-04",
        "value": 83618658.03807074
      },
      {
        "date": "2023-11-06",
        "value": 79437725.13616718
      }
    ],
    "eps_trend": [
      {
        "date": "2025-07-28",
        "value": 0.001351832165842086
      },
      {
        "date": "2025-04-29",
        "value": 0.001284240557549982
      },
      {
        "date": "2025-01-29",
        "value": 0.0012200285296724827
      },
      {
        "date": "2024-10-31",
        "value": 0.0011590271031888587
      },
      {
        "date": "2024-08-02",
        "value": 0.0011010757480294155
      },
      {
        "date": "2024-05-04",
        "value": 0.0010460219606279444
      },
      {
        "date": "2024-02-04",
        "value": 0.0009937208625965474
      },
      {
        "date": "2023-11-06",
        "value": 0.0009440348194667199
      }
    ],
    "earnings_dates": [
      "2025-07-28",
      "2025-04-29",
      "2025-01-29",
      "2024-10-31",
      "2024-08-02",
      "2024-05-04",
      "2024-02-04",
      "2023-11-06"
    ]
  },
  "analysis": {
    "avg_revenue_growth": 20.755079735252924,
    "avg_earnings_surprise": 1.8383013220185984,
    "consistency_score": 67,
    "trend_direction": "growing"
  }
}