{
  "ticker": "PEP",
  "quarters": [
    {
      "date": "2025-07-28",
      "quarter": "Q3 2025",
      "revenue": 63496790000.58486,
      "earnings": 712731835.5563575,
      "eps_actual": 0.27021257442941693,
      "eps_estimate": 0.26490296805949404,
      "surprise_percent": 2.004358957854492,
      "price_on_date": 124.1460811666987,
      "revenue_growth": 9.328125122451219,
      "earnings_growth": 11.161758550789232
    },
    {
      "date": "2025-04-29",
      "quarter": "Q2 2025",
      "revenue": 60321950500.55562,
      "earnings": 677095243.7785397,
      "eps_actual": 0.2567019457079461,
      "eps_estimate": 0.2530274311767371,
      "surprise_percent": 1.4522198301267866,
      "price_on_date": 133.11378120571777,
      "revenue_growth": 11.651216138807795,
      "earnings_growth": 10.760587144324138
    },
    {
      "date": "2025-01-29",
      "quarter": "Q1 2025",
      "revenue": 57305852975.52783,
      "earnings": 643240481.5896126,
      "eps_actual": 0.24386684842254877,
      "eps_estimate": 0.24509087908848298,
      "surprise_percent": -0.4994191013906767,
      "price_on_date": 107.44769296592551,
      "revenue_growth": 10.355988144357422,
      "earnings_growth": 14.16260888765895
    },
    {
      "date": "2024-10-31",
      "quarter": "Q4 2024",
      "revenue": 54440560326.75144,
      "earnings": 611078457.5101321,
      "eps_actual": 0.23167350600142136,
      "eps_estimate": 0.22933148478998586,
      "surprise_percent": 1.0212384111061998,
      "price_on_date": 120.77340824418215,
      "revenue_growth": 9.508206888973763,
      "earnings_growth": 10.99378594801373
    },
    {
      "date": "2024-08-02",
      "quarter": "Q3 2024",
      "revenue": 51718532310.413864,
      "earnings": 580524534.6346253,
      "eps_actual": 0.22008983070135024,
      "eps_estimate": 0.2099267174719199,
      "surprise_percent": 4.841267158283351,
      "price_on_date": 102.05929646384578,
      "revenue_growth": 9.460881801396972,
      "earnings_growth": 11.193456005471658
    },
    {
      "date": "2024-05-04",
      "quarter": "Q2 2024",
      "revenue": 49132605694.893166,
      "earnings": 551498307.902894,
      "eps_actual": 0.20908533916628272,
      "eps_estimate": 0.20957335592276607,
      "surprise_percent": -0.23286202310145018,
      "price_on_date": 111.04875281133737,
      "revenue_growth": 11.04194433756976,
      "earnings_growth": 13.568146590950025
    },
    {
      "date": "2024-02-04",
      "quarter": "Q1 2024",
      "revenue": 46675975410.148506,
      "earnings": 523923392.5077493,
      "eps_actual": 0.19863107220796858,
      "eps_estimate": 0.19385211029267618,
      "surprise_percent": 2.4652617441601032,
      "price_on_date": 101.88860848685849,
      "revenue_growth": 9.439598319627295,
      "earnings_growth": 11.850286588015951
    },
    {
      "date": "2023-11-06",
      "quarter": "Q4 2023",
      "revenue": 44342176639.641075,
      "earnings": 497727222.88236177,
      "eps_actual": 0.18869951859757012,
      "eps_estimate": 0.18507069987313826,
      "surprise_percent": 1.9607743024256816,
      "price_on_date": 96.09631154821369,
      "revenue_growth": 11.685768468829332,
      "earnings_growth": 13.008745406359187
    }
  ],
  "metrics": {
    "revenue_trend": [
      {
        "date": "2025-07-28",
        "value": 63496790000.58486
      },
      {
        "date": "2025-04-29",
        "value": 60321950500.55562
      },
      {
        "date": "2025-01-29",
        "value": 57305852975.52783
      },
      {
        "date": "2024-10-31",
        "value": 54440560326.75144
      },
      {
        "date": "2024-08-02",
        "value": 51718532310.413864
      },
      {
        "date": "2024-05-04",
        "value": 49132605694.893166
      },
      {
        "date": "2024-02-04",
        "value": 46675975410.148506
      },
      {
        "date": "2023-11-06",
        "value": 44342176639.641075
      }
    ],
    "eps_trend": [
      {
        "date": "2025-07-28",
        "value": 0.27021257442941693
      },
      {
        "date": "2025-04-29",
        "value": 0.2567019457079461
      },
      {
        "date": "2025-01-29",
        "value": 0.24386684842254877
      },
      {
        "date": "2024-10-31",
        "value": 0.23167350600142136
      },
      {
        "date": "2024-08-02",
        "value": 0.22008983070135024
      },
      {
        "date": "2024-05-04",
        "value": 0.20908533916628272
      },
      {
        "date": "2024-02-04",
        "value": 0.19863107220796858
      },
      {
        "date": "2023-11-06",
        "value": 0.18869951859757012
      }
    ],
    "earnings_dates": [
      "2025-07-28",
      "2025-04-29",
      "2025-01-29",
      "2024-10-31",
      "2024-08-02",
      "2024-05-04",
      "2024-02-04",
      "2023-11-06"
    ]
  },
  "analysis": {
    "avg_revenue_growth": 10.21088407364755,
    "avg_earnings_surprise": 0.9945995244242005,
    "consistency_score": 65,
    "trend_direction": "growing"
  }
}