{
  "ticker": "PFE",
  "quarters": [
    {
      "date": "2025-07-28",
      "quarter": "Q3 2025",
      "revenue": 988904811.6735394,
      "earnings": 195612579.22916487,
      "eps_actual": 0.06270205407647936,
      "eps_estimate": 0.06253794613578825,
      "surprise_percent": 0.26241338392338387,
      "price_on_date": 1.8724115805211223,
      "revenue_growth": -12.122959763918674,
      "earnings_growth": -9.355899132832569
    },
    {
      "date": "2025-04-29",
      "quarter": "Q2 2025",
      "revenue": 939459571.0898623,
      "earnings": 185831950.2677066,
      "eps_actual": 0.059566951372655386,
      "eps_estimate": 0.058680944049705745,
      "surprise_percent": 1.5098723057337782,
      "price_on_date": 1.8139996447544708,
      "revenue_growth": -14.544111725914878,
      "earnings_growth": -12.784696895961035
    },
    {
      "date": "2025-01-29",
      "quarter": "Q1 2025",
      "revenue": 892486592.5353693,
      "earnings": 176540352.7543213,
      "eps_actual": 0.05658860380402263,
      "eps_estimate": 0.054375345408901495,
      "surprise_percent": 4.070334410710359,
      "price_on_date": 1.927072535125643,
      "revenue_growth": -9.932461325992156,
      "earnings_growth": -12.399691742142963
    },
    {
      "date": "2024-10-31",
      "quarter": "Q4 2024",
      "revenue": 847862262.9086007,
      "earnings": 167713335.1166052,
      "eps_actual": 0.05375917361382148,
      "eps_estimate": 0.05128755585649994,
      "surprise_percent": 4.819137344421337,
      "price_on_date": 1.6031282026222147,
      "revenue_growth": -11.687790118429907,
      "earnings_growth": -14.50491646740645
    },
    {
      "date": "2024-08-02",
      "quarter": "Q3 2024",
      "revenue": 805469149.7631707,
      "earnings": 159327668.36077496,
      "eps_actual": 0.05107121493313042,
      "eps_estimate": 0.04925534776599258,
      "surprise_percent": 3.6866396228991163,
      "price_on_date": 1.6657864758747356,
      "revenue_growth": -9.76339352694878,
      "earnings_growth": -11.587910525329235
    },
    {
      "date": "2024-05-04",
      "quarter": "Q2 2024",
      "revenue": 765195692.275012,
      "earnings": 151361284.94273618,
      "eps_actual": 0.048517654186473885,
      "eps_estimate": 0.04915567669409123,
      "surprise_percent": -1.297963023859744,
      "price_on_date": 1.4756012852205427,
      "revenue_growth": -12.439741172476557,
      "earnings_growth": -11.58190879149439
    },
    {
      "date": "2024-02-04",
      "quarter": "Q1 2024",
      "revenue": 726935907.6612614,
      "earnings": 143793220.69559938,
      "eps_actual": 0.04609177147715019,
      "eps_estimate": 0.04691729880562808,
      "surprise_percent": -1.7595372058778074,
      "price_on_date": 1.3980635453013823,
      "revenue_growth": -11.156264596312377,
      "earnings_growth": -8.942300718611909
    },
    {
      "date": "2023-11-06",
      "quarter": "Q4 2023",
      "revenue": 690589112.2781982,
      "earnings": 136603559.66081938,
      "eps_actual": 0.04378718290329268,
      "eps_estimate": 0.04212339953123965,
      "surprise_percent": 3.949784183062268,
      "price_on_date": 1.3687099900488635,
      "revenue_growth": -11.189530777232305,
      "earnings_growth": -10.750291154004092
    }
  ],
  "metrics": {
    "revenue_trend": [
      {
        "date": "2025-07-28",
        "value": 988904811.6735394
      },
      {
        "date": "2025-04-29",
        "value": 939459571.0898623
      },
      {
        "date": "2025-01-29",
        "value": 892486592.5353693
      },
      {
        "date": "2024-10-31",
        "value": 847862262.9086007
      },
      {
        "date": "2024-08-02",
        "value": 805469149.7631707
      },
      {
        "date": "2024-05-04",
        "value": 765195692.275012
      },
      {
        "date": "2024-02-04",
        "value": 726935907.6612614
      },
      {
        "date": "2023-11-06",
        "value": 690589112.2781982
      }
    ],
    "eps_trend": [
      {
        "date": "2025-07-28",
        "value": 0.06270205407647936
      },
      {
        "date": "2025-04-29",
        "value": 0.059566951372655386
      },
      {
        "date": "2025-01-29",
        "value": 0.05658860380402263
      },
      {
        "date": "2024-10-31",
        "value": 0.05375917361382148
      },
      {
        "date": "2024-08-02",
        "value": 0.05107121493313042
      },
      {
        "date": "2024-05-04",
        "value": 0.048517654186473885
      },
      {
        "date": "2024-02-04",
        "value": 0.04609177147715019
      },
      {
        "date": "2023-11-06",
        "value": 0.04378718290329268
      }
    ],
    "earnings_dates": [
      "2025-07-28",
      "2025-04-29",
      "2025-01-29",
      "2024-10-31",
      "2024-08-02",
      "2024-05-04",
      "2024-02-04",
      "2023-11-06"
    ]
  },
  "analysis": {
    "avg_revenue_growth": -12.071830733563905,
    "avg_earnings_surprise": 2.6654393611972145,
    "consistency_score": 65,
    "trend_direction": "declining"
  }
}