{
  "ticker": "PFG",
  "quarters": [
    {
      "date": "2025-07-28",
      "quarter": "Q3 2025",
      "revenue": 87685233.11113442,
      "earnings": 2865979.4922037753,
      "eps_actual": 0.002037992067427784,
      "eps_estimate": 0.0019561136474999206,
      "surprise_percent": 4.185770087157818,
      "price_on_date": 0.24600586216991033,
      "revenue_growth": 13.057833739896742,
      "earnings_growth": 12.557701869476272
    },
    {
      "date": "2025-04-29",
      "quarter": "Q2 2025",
      "revenue": 83300971.4555777,
      "earnings": 2722680.5175935864,
      "eps_actual": 0.0019360924640563946,
      "eps_estimate": 0.0018521705073940796,
      "surprise_percent": 4.5310059914726395,
      "price_on_date": 0.24441418315876084,
      "revenue_growth": 9.052861302341631,
      "earnings_growth": 10.080006390059326
    },
    {
      "date": "2025-01-29",
      "quarter": "Q1 2025",
      "revenue": 79135922.88279882,
      "earnings": 2586546.4917139076,
      "eps_actual": 0.0018392878408535751,
      "eps_estimate": 0.0018082420704682955,
      "surprise_percent": 1.7169034440858586,
      "price_on_date": 0.22672283297819135,
      "revenue_growth": 13.248408934723141,
      "earnings_growth": 13.60646065198205
    },
    {
      "date": "2024-10-31",
      "quarter": "Q4 2024",
      "revenue": 75179126.73865886,
      "earnings": 2457219.1671282114,
      "eps_actual": 0.0017473234488108958,
      "eps_estimate": 0.0017647219284072336,
      "surprise_percent": -0.985904879191982,
      "price_on_date": 0.22057005037847524,
      "revenue_growth": 11.673039456929713,
      "earnings_growth": 11.338088472596256
    },
    {
      "date": "2024-08-02",
      "quarter": "Q3 2024",
      "revenue": 71420170.40172592,
      "earnings": 2334358.2087718006,
      "eps_actual": 0.001659957276370351,
      "eps_estimate": 0.0016326882204056273,
      "surprise_percent": 1.6701937102203679,
      "price_on_date": 0.2132613709735253,
      "revenue_growth": 10.681824385863266,
      "earnings_growth": 12.81507524061762
    },
    {
      "date": "2024-05-04",
      "quarter": "Q2 2024",
      "revenue": 67849161.88163961,
      "earnings": 2217640.2983332104,
      "eps_actual": 0.0015769594125518334,
      "eps_estimate": 0.0015401016132343367,
      "surprise_percent": 2.393205682064858,
      "price_on_date": 0.2178007014064344,
      "revenue_growth": 9.918860456883293,
      "earnings_growth": 11.140758586900194
    },
    {
      "date": "2024-02-04",
      "quarter": "Q1 2024",
      "revenue": 64456703.78755764,
      "earnings": 2106758.28341655,
      "eps_actual": 0.0014981114419242419,
      "eps_estimate": 0.0015196362960453959,
      "surprise_percent": -1.416447749844413,
      "price_on_date": 0.19850036701690074,
      "revenue_growth": 10.016777412183067,
      "earnings_growth": 9.312055687274988
    },
    {
      "date": "2023-11-06",
      "quarter": "Q4 2023",
      "revenue": 61233868.59817975,
      "earnings": 2001420.3692457224,
      "eps_actual": 0.0014232058698280296,
      "eps_estimate": 0.0013584900569600265,
      "surprise_percent": 4.763804676849934,
      "price_on_date": 0.1781249770170132,
      "revenue_growth": 10.798946643306783,
      "earnings_growth": 9.135999621094752
    }
  ],
  "metrics": {
    "revenue_trend": [
      {
        "date": "2025-07-28",
        "value": 87685233.11113442
      },
      {
        "date": "2025-04-29",
        "value": 83300971.4555777
      },
      {
        "date": "2025-01-29",
        "value": 79135922.88279882
      },
      {
        "date": "2024-10-31",
        "value": 75179126.73865886
      },
      {
        "date": "2024-08-02",
        "value": 71420170.40172592
      },
      {
        "date": "2024-05-04",
        "value": 67849161.88163961
      },
      {
        "date": "2024-02-04",
        "value": 64456703.78755764
      },
      {
        "date": "2023-11-06",
        "value": 61233868.59817975
      }
    ],
    "eps_trend": [
      {
        "date": "2025-07-28",
        "value": 0.002037992067427784
      },
      {
        "date": "2025-04-29",
        "value": 0.0019360924640563946
      },
      {
        "date": "2025-01-29",
        "value": 0.0018392878408535751
      },
      {
        "date": "2024-10-31",
        "value": 0.0017473234488108958
      },
      {
        "date": "2024-08-02",
        "value": 0.001659957276370351
      },
      {
        "date": "2024-05-04",
        "value": 0.0015769594125518334
      },
      {
        "date": "2024-02-04",
        "value": 0.0014981114419242419
      },
      {
        "date": "2023-11-06",
        "value": 0.0014232058698280296
      }
    ],
    "earnings_dates": [
      "2025-07-28",
      "2025-04-29",
      "2025-01-29",
      "2024-10-31",
      "2024-08-02",
      "2024-05-04",
      "2024-02-04",
      "2023-11-06"
    ]
  },
  "analysis": {
    "avg_revenue_growth": 11.758035858472807,
    "avg_earnings_surprise": 2.3619436608810833,
    "consistency_score": 93,
    "trend_direction": "growing"
  }
}