{
  "ticker": "PG",
  "quarters": [
    {
      "date": "2025-07-28",
      "quarter": "Q3 2025",
      "revenue": 103765981261.56146,
      "earnings": 8657836704.778177,
      "eps_actual": 10.891161550128405,
      "eps_estimate": 10.98820469758523,
      "surprise_percent": -0.8831574413439073,
      "price_on_date": 2404.883053238911,
      "revenue_growth": 17.3421962105781,
      "earnings_growth": 16.51542265410274
    },
    {
      "date": "2025-04-29",
      "quarter": "Q2 2025",
      "revenue": 98577682198.48338,
      "earnings": 8224944869.539268,
      "eps_actual": 10.346603472621984,
      "eps_estimate": 10.482045857114299,
      "surprise_percent": -1.2921369200115476,
      "price_on_date": 2634.6406262845976,
      "revenue_growth": 15.34828448282046,
      "earnings_growth": 13.652729157709851
    },
    {
      "date": "2025-01-29",
      "quarter": "Q1 2025",
      "revenue": 93648798088.55922,
      "earnings": 7813697626.0623045,
      "eps_actual": 9.829273298990884,
      "eps_estimate": 9.590376493958615,
      "surprise_percent": 2.4910054905848593,
      "price_on_date": 2465.680382973496,
      "revenue_growth": 15.060658078108215,
      "earnings_growth": 12.548654929136875
    },
    {
      "date": "2024-10-31",
      "quarter": "Q4 2024",
      "revenue": 88966358184.13124,
      "earnings": 7423012744.759188,
      "eps_actual": 9.337809634041339,
      "eps_estimate": 9.44367682518926,
      "surprise_percent": -1.121037844767635,
      "price_on_date": 2197.963849084823,
      "revenue_growth": 16.56165689691673,
      "earnings_growth": 13.336196090318321
    },
    {
      "date": "2024-08-02",
      "quarter": "Q3 2024",
      "revenue": 84518040274.92468,
      "earnings": 7051862107.521229,
      "eps_actual": 8.870919152339273,
      "eps_estimate": 8.925846441987495,
      "surprise_percent": -0.6153734551139376,
      "price_on_date": 2120.680939101484,
      "revenue_growth": 16.010306417995558,
      "earnings_growth": 11.524452873073237
    },
    {
      "date": "2024-05-04",
      "quarter": "Q2 2024",
      "revenue": 80292138261.17844,
      "earnings": 6699269002.145166,
      "eps_actual": 8.427373194722307,
      "eps_estimate": 8.071277793154685,
      "surprise_percent": 4.411883851521367,
      "price_on_date": 2005.4760499682025,
      "revenue_growth": 16.98416331260189,
      "earnings_growth": 11.503734066652813
    },
    {
      "date": "2024-02-04",
      "quarter": "Q1 2024",
      "revenue": 76277531348.11952,
      "earnings": 6364305552.037909,
      "eps_actual": 8.006004534986193,
      "eps_estimate": 7.77775599678771,
      "surprise_percent": 2.9346322807343377,
      "price_on_date": 1969.2236017072642,
      "revenue_growth": 15.584516453870497,
      "earnings_growth": 13.531943893003726
    },
    {
      "date": "2023-11-06",
      "quarter": "Q4 2023",
      "revenue": 72463654780.71353,
      "earnings": 6046090274.436012,
      "eps_actual": 7.6057043082368825,
      "eps_estimate": 7.3846056702641745,
      "surprise_percent": 2.994047994505826,
      "price_on_date": 1884.5187264943838,
      "revenue_growth": 15.340079540239373,
      "earnings_growth": 10.46813240297925
    }
  ],
  "metrics": {
    "revenue_trend": [
      {
        "date": "2025-07-28",
        "value": 103765981261.56146
      },
      {
        "date": "2025-04-29",
        "value": 98577682198.48338
      },
      {
        "date": "2025-01-29",
        "value": 93648798088.55922
      },
      {
        "date": "2024-10-31",
        "value": 88966358184.13124
      },
      {
        "date": "2024-08-02",
        "value": 84518040274.92468
      },
      {
        "date": "2024-05-04",
        "value": 80292138261.17844
      },
      {
        "date": "2024-02-04",
        "value": 76277531348.11952
      },
      {
        "date": "2023-11-06",
        "value": 72463654780.71353
      }
    ],
    "eps_trend": [
      {
        "date": "2025-07-28",
        "value": 10.891161550128405
      },
      {
        "date": "2025-04-29",
        "value": 10.346603472621984
      },
      {
        "date": "2025-01-29",
        "value": 9.829273298990884
      },
      {
        "date": "2024-10-31",
        "value": 9.337809634041339
      },
      {
        "date": "2024-08-02",
        "value": 8.870919152339273
      },
      {
        "date": "2024-05-04",
        "value": 8.427373194722307
      },
      {
        "date": "2024-02-04",
        "value": 8.006004534986193
      },
      {
        "date": "2023-11-06",
        "value": 7.6057043082368825
      }
    ],
    "earnings_dates": [
      "2025-07-28",
      "2025-04-29",
      "2025-01-29",
      "2024-10-31",
      "2024-08-02",
      "2024-05-04",
      "2024-02-04",
      "2023-11-06"
    ]
  },
  "analysis": {
    "avg_revenue_growth": 16.078198917105876,
    "avg_earnings_surprise": -0.20133167888455766,
    "consistency_score": 78,
    "trend_direction": "growing"
  }
}