{
  "ticker": "PGR",
  "quarters": [
    {
      "date": "2025-07-28",
      "quarter": "Q3 2025",
      "revenue": 113612248.23100196,
      "earnings": 6224851.256159573,
      "eps_actual": 0.00576773195741907,
      "eps_estimate": 0.005737900278251111,
      "surprise_percent": 0.5199058492011916,
      "price_on_date": 1.3391296313283183,
      "revenue_growth": 3.587167205645171,
      "earnings_growth": 5.372647557480028
    },
    {
      "date": "2025-04-29",
      "quarter": "Q2 2025",
      "revenue": 107931635.81945185,
      "earnings": 5913608.693351594,
      "eps_actual": 0.005479345359548116,
      "eps_estimate": 0.005588170348404217,
      "surprise_percent": -1.9474171700434522,
      "price_on_date": 1.1971707131516047,
      "revenue_growth": 3.414438816836597,
      "earnings_growth": 3.235412181138532
    },
    {
      "date": "2025-01-29",
      "quarter": "Q1 2025",
      "revenue": 102535054.02847926,
      "earnings": 5617928.258684014,
      "eps_actual": 0.00520537809157071,
      "eps_estimate": 0.0052143369474801395,
      "surprise_percent": -0.17181198682909385,
      "price_on_date": 1.31066657722753,
      "revenue_growth": 4.679204121446679,
      "earnings_growth": 4.257373101305848
    },
    {
      "date": "2024-10-31",
      "quarter": "Q4 2024",
      "revenue": 97408301.32705529,
      "earnings": 5337031.845749813,
      "eps_actual": 0.004945109186992175,
      "eps_estimate": 0.00497065515877675,
      "surprise_percent": -0.5139357080417843,
      "price_on_date": 1.1428505685764987,
      "revenue_growth": 4.1334276379491754,
      "earnings_growth": 5.4564946260703815
    },
    {
      "date": "2024-08-02",
      "quarter": "Q3 2024",
      "revenue": 92537886.26070252,
      "earnings": 5070180.253462322,
      "eps_actual": 0.004697853727642566,
      "eps_estimate": 0.004610151334711132,
      "surprise_percent": 1.9023755743352304,
      "price_on_date": 1.0702758483542874,
      "revenue_growth": 4.600963495513758,
      "earnings_growth": 5.380620506344804
    },
    {
      "date": "2024-05-04",
      "quarter": "Q2 2024",
      "revenue": 87910991.94766739,
      "earnings": 4816671.240789206,
      "eps_actual": 0.0044629610412604374,
      "eps_estimate": 0.004284103558436907,
      "surprise_percent": 4.174910349010988,
      "price_on_date": 1.0454613248297582,
      "revenue_growth": 3.4115922640953227,
      "earnings_growth": 5.238968898249869
    },
    {
      "date": "2024-02-04",
      "quarter": "Q1 2024",
      "revenue": 83515442.35028403,
      "earnings": 4575837.678749746,
      "eps_actual": 0.004239812989197416,
      "eps_estimate": 0.004102022431975611,
      "surprise_percent": 3.3590883401250013,
      "price_on_date": 0.8998685062382944,
      "revenue_growth": 3.7920408693710725,
      "earnings_growth": 3.8990894064187556
    },
    {
      "date": "2023-11-06",
      "quarter": "Q4 2023",
      "revenue": 79339670.2327698,
      "earnings": 4347045.794812257,
      "eps_actual": 0.004027822339737544,
      "eps_estimate": 0.003955386205725059,
      "surprise_percent": 1.831328983947003,
      "price_on_date": 1.0026223886614023,
      "revenue_growth": 4.320184648567426,
      "earnings_growth": 3.6050366976191244
    }
  ],
  "metrics": {
    "revenue_trend": [
      {
        "date": "2025-07-28",
        "value": 113612248.23100196
      },
      {
        "date": "2025-04-29",
        "value": 107931635.81945185
      },
      {
        "date": "2025-01-29",
        "value": 102535054.02847926
      },
      {
        "date": "2024-10-31",
        "value": 97408301.32705529
      },
      {
        "date": "2024-08-02",
        "value": 92537886.26070252
      },
      {
        "date": "2024-05-04",
        "value": 87910991.94766739
      },
      {
        "date": "2024-02-04",
        "value": 83515442.35028403
      },
      {
        "date": "2023-11-06",
        "value": 79339670.2327698
      }
    ],
    "eps_trend": [
      {
        "date": "2025-07-28",
        "value": 0.00576773195741907
      },
      {
        "date": "2025-04-29",
        "value": 0.005479345359548116
      },
      {
        "date": "2025-01-29",
        "value": 0.00520537809157071
      },
      {
        "date": "2024-10-31",
        "value": 0.004945109186992175
      },
      {
        "date": "2024-08-02",
        "value": 0.004697853727642566
      },
      {
        "date": "2024-05-04",
        "value": 0.0044629610412604374
      },
      {
        "date": "2024-02-04",
        "value": 0.004239812989197416
      },
      {
        "date": "2023-11-06",
        "value": 0.004027822339737544
      }
    ],
    "earnings_dates": [
      "2025-07-28",
      "2025-04-29",
      "2025-01-29",
      "2024-10-31",
      "2024-08-02",
      "2024-05-04",
      "2024-02-04",
      "2023-11-06"
    ]
  },
  "analysis": {
    "avg_revenue_growth": 3.9535594454694056,
    "avg_earnings_surprise": -0.5283147539282846,
    "consistency_score": 87,
    "trend_direction": "stable"
  }
}