{
  "ticker": "PH",
  "quarters": [
    {
      "date": "2025-07-28",
      "quarter": "Q3 2025",
      "revenue": 39808769.90545959,
      "earnings": 6168570.862942728,
      "eps_actual": 0.0012812509607722249,
      "eps_estimate": 0.0012795882861614178,
      "surprise_percent": 0.12993824879366636,
      "price_on_date": 0.20330680767159265,
      "revenue_growth": 3.91615376798695,
      "earnings_growth": 4.843049958443656
    },
    {
      "date": "2025-04-29",
      "quarter": "Q2 2025",
      "revenue": 37818331.41018661,
      "earnings": 5860142.319795592,
      "eps_actual": 0.0012171884127336135,
      "eps_estimate": 0.001194880438233992,
      "surprise_percent": 1.8669629015428668,
      "price_on_date": 0.19843133662707513,
      "revenue_growth": 4.179360355260421,
      "earnings_growth": 3.3987620698300773
    },
    {
      "date": "2025-01-29",
      "quarter": "Q1 2025",
      "revenue": 35927414.83967728,
      "earnings": 5567135.203805813,
      "eps_actual": 0.001156328992096933,
      "eps_estimate": 0.0011275274752484967,
      "surprise_percent": 2.5543960108012973,
      "price_on_date": 0.21393024083674608,
      "revenue_growth": 4.602710672382789,
      "earnings_growth": 5.174019834110823
    },
    {
      "date": "2024-10-31",
      "quarter": "Q4 2024",
      "revenue": 34131044.09769341,
      "earnings": 5288778.443615521,
      "eps_actual": 0.0010985125424920862,
      "eps_estimate": 0.0010983009168594835,
      "surprise_percent": 0.019268456335982054,
      "price_on_date": 0.17619633353238864,
      "revenue_growth": 4.797558547010946,
      "earnings_growth": 4.5101847479202775
    },
    {
      "date": "2024-08-02",
      "quarter": "Q3 2024",
      "revenue": 32424491.89280874,
      "earnings": 5024339.521434745,
      "eps_actual": 0.001043586915367482,
      "eps_estimate": 0.0010021433124021884,
      "surprise_percent": 4.135496635301703,
      "price_on_date": 0.16895665763764786,
      "revenue_growth": 4.096606819800189,
      "earnings_growth": 4.710355527453247
    },
    {
      "date": "2024-05-04",
      "quarter": "Q2 2024",
      "revenue": 30803267.298168298,
      "earnings": 4773122.545363006,
      "eps_actual": 0.0009914075695991074,
      "eps_estimate": 0.0009963435940250152,
      "surprise_percent": -0.4954138768501838,
      "price_on_date": 0.15622087626769438,
      "revenue_growth": 3.8786110406692154,
      "earnings_growth": 3.891599461226872
    },
    {
      "date": "2024-02-04",
      "quarter": "Q1 2024",
      "revenue": 29263103.933259886,
      "earnings": 4534466.418094857,
      "eps_actual": 0.0009418371911191522,
      "eps_estimate": 0.0009309008828412296,
      "surprise_percent": 1.1748090993902172,
      "price_on_date": 0.15782646681245543,
      "revenue_growth": 3.7722725676935185,
      "earnings_growth": 3.2618285429225478
    },
    {
      "date": "2023-11-06",
      "quarter": "Q4 2023",
      "revenue": 27799948.736596886,
      "earnings": 4307743.097190113,
      "eps_actual": 0.0008947453315631944,
      "eps_estimate": 0.0008707053672637025,
      "surprise_percent": 2.760975779331698,
      "price_on_date": 0.14790734050980583,
      "revenue_growth": 3.9396400203039597,
      "earnings_growth": 3.5822965125100716
    }
  ],
  "metrics": {
    "revenue_trend": [
      {
        "date": "2025-07-28",
        "value": 39808769.90545959
      },
      {
        "date": "2025-04-29",
        "value": 37818331.41018661
      },
      {
        "date": "2025-01-29",
        "value": 35927414.83967728
      },
      {
        "date": "2024-10-31",
        "value": 34131044.09769341
      },
      {
        "date": "2024-08-02",
        "value": 32424491.89280874
      },
      {
        "date": "2024-05-04",
        "value": 30803267.298168298
      },
      {
        "date": "2024-02-04",
        "value": 29263103.933259886
      },
      {
        "date": "2023-11-06",
        "value": 27799948.736596886
      }
    ],
    "eps_trend": [
      {
        "date": "2025-07-28",
        "value": 0.0012812509607722249
      },
      {
        "date": "2025-04-29",
        "value": 0.0012171884127336135
      },
      {
        "date": "2025-01-29",
        "value": 0.001156328992096933
      },
      {
        "date": "2024-10-31",
        "value": 0.0010985125424920862
      },
      {
        "date": "2024-08-02",
        "value": 0.001043586915367482
      },
      {
        "date": "2024-05-04",
        "value": 0.0009914075695991074
      },
      {
        "date": "2024-02-04",
        "value": 0.0009418371911191522
      },
      {
        "date": "2023-11-06",
        "value": 0.0008947453315631944
      }
    ],
    "earnings_dates": [
      "2025-07-28",
      "2025-04-29",
      "2025-01-29",
      "2024-10-31",
      "2024-08-02",
      "2024-05-04",
      "2024-02-04",
      "2023-11-06"
    ]
  },
  "analysis": {
    "avg_revenue_growth": 4.373945835660277,
    "avg_earnings_surprise": 1.142641404368453,
    "consistency_score": 86,
    "trend_direction": "stable"
  }
}