{
  "ticker": "PHM",
  "quarters": [
    {
      "date": "2025-07-28",
      "quarter": "Q3 2025",
      "revenue": 91487509.4411541,
      "earnings": 14719356.593239645,
      "eps_actual": 0.004711456270161796,
      "eps_estimate": 0.004501477154754974,
      "surprise_percent": 4.664671355379825,
      "price_on_date": 0.35120473855803647,
      "revenue_growth": 10.04518969115253,
      "earnings_growth": 10.949914710330118
    },
    {
      "date": "2025-04-29",
      "quarter": "Q2 2025",
      "revenue": 86913133.96909638,
      "earnings": 13983388.76357766,
      "eps_actual": 0.004475883456653706,
      "eps_estimate": 0.004410515077419295,
      "surprise_percent": 1.4821030670336042,
      "price_on_date": 0.29211977477936546,
      "revenue_growth": 14.594510828883932,
      "earnings_growth": 15.769363981116193
    },
    {
      "date": "2025-01-29",
      "quarter": "Q1 2025",
      "revenue": 82567477.27064157,
      "earnings": 13284219.325398779,
      "eps_actual": 0.004252089283821021,
      "eps_estimate": 0.004122739535545885,
      "surprise_percent": 3.137470780288071,
      "price_on_date": 0.3189017086310175,
      "revenue_growth": 10.866324246676148,
      "earnings_growth": 15.586027771303794
    },
    {
      "date": "2024-10-31",
      "quarter": "Q4 2024",
      "revenue": 78439103.40710948,
      "earnings": 12620008.359128838,
      "eps_actual": 0.004039484819629969,
      "eps_estimate": 0.004056185007286274,
      "surprise_percent": -0.4117215468797889,
      "price_on_date": 0.3016282197423709,
      "revenue_growth": 11.931125721828812,
      "earnings_growth": 13.814819893838896
    },
    {
      "date": "2024-08-02",
      "quarter": "Q3 2024",
      "revenue": 74517148.236754,
      "earnings": 11989007.941172395,
      "eps_actual": 0.0038375105786484704,
      "eps_estimate": 0.003856375625700651,
      "surprise_percent": -0.48919111837693613,
      "price_on_date": 0.25503469413604474,
      "revenue_growth": 11.192795547820888,
      "earnings_growth": 15.762857498397166
    },
    {
      "date": "2024-05-04",
      "quarter": "Q2 2024",
      "revenue": 70791290.82491629,
      "earnings": 11389557.544113774,
      "eps_actual": 0.0036456350497160468,
      "eps_estimate": 0.003660336556894558,
      "surprise_percent": -0.40164359069167166,
      "price_on_date": 0.2540153228924387,
      "revenue_growth": 13.878985427793207,
      "earnings_growth": 12.578960979601053
    },
    {
      "date": "2024-02-04",
      "quarter": "Q1 2024",
      "revenue": 67251726.28367049,
      "earnings": 10820079.666908087,
      "eps_actual": 0.003463353297230245,
      "eps_estimate": 0.0035147302519019552,
      "surprise_percent": -1.461760960002784,
      "price_on_date": 0.22659490616859057,
      "revenue_growth": 11.814341526927413,
      "earnings_growth": 13.08675808106085
    },
    {
      "date": "2023-11-06",
      "quarter": "Q4 2023",
      "revenue": 63889139.96948695,
      "earnings": 10279075.683562681,
      "eps_actual": 0.003290185632368732,
      "eps_estimate": 0.0032082761425390547,
      "surprise_percent": 2.5530685698661113,
      "price_on_date": 0.25412027214313154,
      "revenue_growth": 14.247637824191902,
      "earnings_growth": 12.816885473205673
    }
  ],
  "metrics": {
    "revenue_trend": [
      {
        "date": "2025-07-28",
        "value": 91487509.4411541
      },
      {
        "date": "2025-04-29",
        "value": 86913133.96909638
      },
      {
        "date": "2025-01-29",
        "value": 82567477.27064157
      },
      {
        "date": "2024-10-31",
        "value": 78439103.40710948
      },
      {
        "date": "2024-08-02",
        "value": 74517148.236754
      },
      {
        "date": "2024-05-04",
        "value": 70791290.82491629
      },
      {
        "date": "2024-02-04",
        "value": 67251726.28367049
      },
      {
        "date": "2023-11-06",
        "value": 63889139.96948695
      }
    ],
    "eps_trend": [
      {
        "date": "2025-07-28",
        "value": 0.004711456270161796
      },
      {
        "date": "2025-04-29",
        "value": 0.004475883456653706
      },
      {
        "date": "2025-01-29",
        "value": 0.004252089283821021
      },
      {
        "date": "2024-10-31",
        "value": 0.004039484819629969
      },
      {
        "date": "2024-08-02",
        "value": 0.0038375105786484704
      },
      {
        "date": "2024-05-04",
        "value": 0.0036456350497160468
      },
      {
        "date": "2024-02-04",
        "value": 0.003463353297230245
      },
      {
        "date": "2023-11-06",
        "value": 0.003290185632368732
      }
    ],
    "earnings_dates": [
      "2025-07-28",
      "2025-04-29",
      "2025-01-29",
      "2024-10-31",
      "2024-08-02",
      "2024-05-04",
      "2024-02-04",
      "2023-11-06"
    ]
  },
  "analysis": {
    "avg_revenue_growth": 11.859287622135357,
    "avg_earnings_surprise": 2.2181309139554277,
    "consistency_score": 83,
    "trend_direction": "growing"
  }
}