{
  "ticker": "PINS",
  "quarters": [
    {
      "date": "2025-07-28",
      "quarter": "Q3 2025",
      "revenue": 754838277.597247,
      "earnings": 198862485.88112527,
      "eps_actual": 0.045149082694606935,
      "eps_estimate": 0.04413379640553663,
      "surprise_percent": 2.3004734959599755,
      "price_on_date": 0.6338270171284535,
      "revenue_growth": -6.83483135212411,
      "earnings_growth": -8.999488872732298
    },
    {
      "date": "2025-04-29",
      "quarter": "Q2 2025",
      "revenue": 717096363.7173846,
      "earnings": 188919361.587069,
      "eps_actual": 0.042891628559876584,
      "eps_estimate": 0.04250772294685004,
      "surprise_percent": 0.9031432088389286,
      "price_on_date": 0.5482985236392266,
      "revenue_growth": -8.612956522535642,
      "earnings_growth": -5.981121853688655
    },
    {
      "date": "2025-01-29",
      "quarter": "Q1 2025",
      "revenue": 681241545.5315154,
      "earnings": 179473393.50771555,
      "eps_actual": 0.040747047131882756,
      "eps_estimate": 0.04118785977696642,
      "surprise_percent": -1.0702489701350844,
      "price_on_date": 0.5945376619983194,
      "revenue_growth": -9.605623414438785,
      "earnings_growth": -9.319545806954382
    },
    {
      "date": "2024-10-31",
      "quarter": "Q4 2024",
      "revenue": 647179468.2549396,
      "earnings": 170499723.83232978,
      "eps_actual": 0.03870969477528862,
      "eps_estimate": 0.03691515344700431,
      "surprise_percent": 4.8612592952121165,
      "price_on_date": 0.5882919064211791,
      "revenue_growth": -7.28511923130817,
      "earnings_growth": -10.265468854619163
    },
    {
      "date": "2024-08-02",
      "quarter": "Q3 2024",
      "revenue": 614820494.8421925,
      "earnings": 161974737.64071327,
      "eps_actual": 0.03677421003652419,
      "eps_estimate": 0.03746591338570916,
      "surprise_percent": -1.8462204352632035,
      "price_on_date": 0.5218096146155851,
      "revenue_growth": -8.509998289743004,
      "earnings_growth": -9.559937674493955
    },
    {
      "date": "2024-05-04",
      "quarter": "Q2 2024",
      "revenue": 584079470.1000829,
      "earnings": 153876000.7586776,
      "eps_actual": 0.034935499534697975,
      "eps_estimate": 0.03492930689755433,
      "surprise_percent": 0.01772905818546053,
      "price_on_date": 0.498127952288521,
      "revenue_growth": -9.241211520126788,
      "earnings_growth": -6.722216908991868
    },
    {
      "date": "2024-02-04",
      "quarter": "Q1 2024",
      "revenue": 554875496.5950787,
      "earnings": 146182200.72074372,
      "eps_actual": 0.033188724557963074,
      "eps_estimate": 0.03175846832509862,
      "surprise_percent": 4.503542860516757,
      "price_on_date": 0.4468364710593769,
      "revenue_growth": -8.635867090001229,
      "earnings_growth": -8.048613761481093
    },
    {
      "date": "2023-11-06",
      "quarter": "Q4 2023",
      "revenue": 527131721.7653247,
      "earnings": 138873090.6847065,
      "eps_actual": 0.031529288330064915,
      "eps_estimate": 0.030929204464754535,
      "surprise_percent": 1.9401852575749483,
      "price_on_date": 0.3983468859050044,
      "revenue_growth": -9.279841963214375,
      "earnings_growth": -10.397586846971839
    }
  ],
  "metrics": {
    "revenue_trend": [
      {
        "date": "2025-07-28",
        "value": 754838277.597247
      },
      {
        "date": "2025-04-29",
        "value": 717096363.7173846
      },
      {
        "date": "2025-01-29",
        "value": 681241545.5315154
      },
      {
        "date": "2024-10-31",
        "value": 647179468.2549396
      },
      {
        "date": "2024-08-02",
        "value": 614820494.8421925
      },
      {
        "date": "2024-05-04",
        "value": 584079470.1000829
      },
      {
        "date": "2024-02-04",
        "value": 554875496.5950787
      },
      {
        "date": "2023-11-06",
        "value": 527131721.7653247
      }
    ],
    "eps_trend": [
      {
        "date": "2025-07-28",
        "value": 0.045149082694606935
      },
      {
        "date": "2025-04-29",
        "value": 0.042891628559876584
      },
      {
        "date": "2025-01-29",
        "value": 0.040747047131882756
      },
      {
        "date": "2024-10-31",
        "value": 0.03870969477528862
      },
      {
        "date": "2024-08-02",
        "value": 0.03677421003652419
      },
      {
        "date": "2024-05-04",
        "value": 0.034935499534697975
      },
      {
        "date": "2024-02-04",
        "value": 0.033188724557963074
      },
      {
        "date": "2023-11-06",
        "value": 0.031529288330064915
      }
    ],
    "earnings_dates": [
      "2025-07-28",
      "2025-04-29",
      "2025-01-29",
      "2024-10-31",
      "2024-08-02",
      "2024-05-04",
      "2024-02-04",
      "2023-11-06"
    ]
  },
  "analysis": {
    "avg_revenue_growth": -8.084632630101677,
    "avg_earnings_surprise": 1.748656757468984,
    "consistency_score": 61,
    "trend_direction": "declining"
  }
}