{
  "ticker": "PKG",
  "quarters": [
    {
      "date": "2025-07-28",
      "quarter": "Q3 2025",
      "revenue": 124026215.6025646,
      "earnings": 43334506.61186401,
      "eps_actual": 0.010818406646817423,
      "eps_estimate": 0.010834549072017998,
      "surprise_percent": -0.1489902818592156,
      "price_on_date": 0.5134907852584916,
      "revenue_growth": 17.585821967840594,
      "earnings_growth": 21.671606700187315
    },
    {
      "date": "2025-04-29",
      "quarter": "Q2 2025",
      "revenue": 117824904.82243636,
      "earnings": 41167781.2812708,
      "eps_actual": 0.010277486314476551,
      "eps_estimate": 0.009977806363023542,
      "surprise_percent": 3.003465296376006,
      "price_on_date": 0.46444617337240335,
      "revenue_growth": 22.776650193750484,
      "earnings_growth": 19.854808268198006
    },
    {
      "date": "2025-01-29",
      "quarter": "Q1 2025",
      "revenue": 111933659.58131455,
      "earnings": 39109392.21720727,
      "eps_actual": 0.009763611998752725,
      "eps_estimate": 0.009350951199390414,
      "surprise_percent": 4.413035535777499,
      "price_on_date": 0.41634473603089817,
      "revenue_growth": 19.303292213276087,
      "earnings_growth": 19.95312637065608
    },
    {
      "date": "2024-10-31",
      "quarter": "Q4 2024",
      "revenue": 106336976.60224882,
      "earnings": 37153922.6063469,
      "eps_actual": 0.009275431398815088,
      "eps_estimate": 0.00885829158157808,
      "surprise_percent": 4.709032361324636,
      "price_on_date": 0.422669235519565,
      "revenue_growth": 23.18708965520921,
      "earnings_growth": 26.083490433341407
    },
    {
      "date": "2024-08-02",
      "quarter": "Q3 2024",
      "revenue": 101020127.77213638,
      "earnings": 35296226.47602955,
      "eps_actual": 0.008811659828874333,
      "eps_estimate": 0.008887167443379048,
      "surprise_percent": -0.8496252038209142,
      "price_on_date": 0.4196698957100814,
      "revenue_growth": 21.602006879093445,
      "earnings_growth": 24.133023980212556
    },
    {
      "date": "2024-05-04",
      "quarter": "Q2 2024",
      "revenue": 95969121.38352954,
      "earnings": 33531415.152228072,
      "eps_actual": 0.008371076837430616,
      "eps_estimate": 0.007988656541803004,
      "surprise_percent": 4.787041395840279,
      "price_on_date": 0.39359391031936614,
      "revenue_growth": 17.31632029696904,
      "earnings_growth": 23.66092304299295
    },
    {
      "date": "2024-02-04",
      "quarter": "Q1 2024",
      "revenue": 91170665.31435306,
      "earnings": 31854844.394616667,
      "eps_actual": 0.007952522995559085,
      "eps_estimate": 0.007645306166298743,
      "surprise_percent": 4.018371829431548,
      "price_on_date": 0.38031018902947467,
      "revenue_growth": 21.701687695975433,
      "earnings_growth": 23.510877124495707
    },
    {
      "date": "2023-11-06",
      "quarter": "Q4 2023",
      "revenue": 86612132.0486354,
      "earnings": 30262102.174885828,
      "eps_actual": 0.0075548968457811285,
      "eps_estimate": 0.007210351035404358,
      "surprise_percent": 4.7784887127544495,
      "price_on_date": 0.3175775008604825,
      "revenue_growth": 23.32287284512536,
      "earnings_growth": 25.30354674716274
    }
  ],
  "metrics": {
    "revenue_trend": [
      {
        "date": "2025-07-28",
        "value": 124026215.6025646
      },
      {
        "date": "2025-04-29",
        "value": 117824904.82243636
      },
      {
        "date": "2025-01-29",
        "value": 111933659.58131455
      },
      {
        "date": "2024-10-31",
        "value": 106336976.60224882
      },
      {
        "date": "2024-08-02",
        "value": 101020127.77213638
      },
      {
        "date": "2024-05-04",
        "value": 95969121.38352954
      },
      {
        "date": "2024-02-04",
        "value": 91170665.31435306
      },
      {
        "date": "2023-11-06",
        "value": 86612132.0486354
      }
    ],
    "eps_trend": [
      {
        "date": "2025-07-28",
        "value": 0.010818406646817423
      },
      {
        "date": "2025-04-29",
        "value": 0.010277486314476551
      },
      {
        "date": "2025-01-29",
        "value": 0.009763611998752725
      },
      {
        "date": "2024-10-31",
        "value": 0.009275431398815088
      },
      {
        "date": "2024-08-02",
        "value": 0.008811659828874333
      },
      {
        "date": "2024-05-04",
        "value": 0.008371076837430616
      },
      {
        "date": "2024-02-04",
        "value": 0.007952522995559085
      },
      {
        "date": "2023-11-06",
        "value": 0.0075548968457811285
      }
    ],
    "earnings_dates": [
      "2025-07-28",
      "2025-04-29",
      "2025-01-29",
      "2024-10-31",
      "2024-08-02",
      "2024-05-04",
      "2024-02-04",
      "2023-11-06"
    ]
  },
  "analysis": {
    "avg_revenue_growth": 20.713213507519093,
    "avg_earnings_surprise": 2.994135727904731,
    "consistency_score": 87,
    "trend_direction": "growing"
  }
}