{
  "ticker": "PLD",
  "quarters": [
    {
      "date": "2025-07-28",
      "quarter": "Q3 2025",
      "revenue": 263835156.9140921,
      "earnings": 37739514.07035025,
      "eps_actual": 0.008093894107095751,
      "eps_estimate": 0.008094736781136388,
      "surprise_percent": -0.010410147524505475,
      "price_on_date": 12.99932938580685,
      "revenue_growth": 42.87377856912307,
      "earnings_growth": 36.596177401794264
    },
    {
      "date": "2025-04-29",
      "quarter": "Q2 2025",
      "revenue": 250643399.06838748,
      "earnings": 35852538.36683273,
      "eps_actual": 0.0076891994017409615,
      "eps_estimate": 0.007508156395820129,
      "surprise_percent": 2.411284426914995,
      "price_on_date": 14.039678795069069,
      "revenue_growth": 42.23012890693964,
      "earnings_growth": 52.51224700211734
    },
    {
      "date": "2025-01-29",
      "quarter": "Q1 2025",
      "revenue": 238111229.11496812,
      "earnings": 34059911.448491104,
      "eps_actual": 0.007304739431653915,
      "eps_estimate": 0.007347807534194037,
      "surprise_percent": -0.5861354198473255,
      "price_on_date": 11.482476157115933,
      "revenue_growth": 48.055719908860695,
      "earnings_growth": 50.0178645352461
    },
    {
      "date": "2024-10-31",
      "quarter": "Q4 2024",
      "revenue": 226205667.65921968,
      "earnings": 32356915.87606654,
      "eps_actual": 0.006939502460071217,
      "eps_estimate": 0.0066743153908878,
      "surprise_percent": 3.9732474965967,
      "price_on_date": 11.919443323732756,
      "revenue_growth": 34.77420283957879,
      "earnings_growth": 33.63728707916057
    },
    {
      "date": "2024-08-02",
      "quarter": "Q3 2024",
      "revenue": 214895384.27625868,
      "earnings": 30739070.08226321,
      "eps_actual": 0.006592527337067656,
      "eps_estimate": 0.006455910700625511,
      "surprise_percent": 2.1161481745543336,
      "price_on_date": 11.440988303782454,
      "revenue_growth": 47.86310679804603,
      "earnings_growth": 53.14604963162225
    },
    {
      "date": "2024-05-04",
      "quarter": "Q2 2024",
      "revenue": 204150615.06244573,
      "earnings": 29202116.57815005,
      "eps_actual": 0.006262900970214274,
      "eps_estimate": 0.006303104149184594,
      "surprise_percent": -0.637831424307358,
      "price_on_date": 9.958495193051109,
      "revenue_growth": 33.97767157669002,
      "earnings_growth": 50.80599924365533
    },
    {
      "date": "2024-02-04",
      "quarter": "Q1 2024",
      "revenue": 193943084.30932346,
      "earnings": 27742010.749242548,
      "eps_actual": 0.00594975592170356,
      "eps_estimate": 0.00605090179210474,
      "surprise_percent": -1.6715834081649814,
      "price_on_date": 11.071806311085718,
      "revenue_growth": 45.53757946927267,
      "earnings_growth": 46.46603635997032
    },
    {
      "date": "2023-11-06",
      "quarter": "Q4 2023",
      "revenue": 184245930.09385726,
      "earnings": 26354910.211780418,
      "eps_actual": 0.005652268125618381,
      "eps_estimate": 0.0056135962563491,
      "surprise_percent": 0.6888965202216404,
      "price_on_date": 8.814622172159426,
      "revenue_growth": 41.78417186192475,
      "earnings_growth": 38.55745093144354
    }
  ],
  "metrics": {
    "revenue_trend": [
      {
        "date": "2025-07-28",
        "value": 263835156.9140921
      },
      {
        "date": "2025-04-29",
        "value": 250643399.06838748
      },
      {
        "date": "2025-01-29",
        "value": 238111229.11496812
      },
      {
        "date": "2024-10-31",
        "value": 226205667.65921968
      },
      {
        "date": "2024-08-02",
        "value": 214895384.27625868
      },
      {
        "date": "2024-05-04",
        "value": 204150615.06244573
      },
      {
        "date": "2024-02-04",
        "value": 193943084.30932346
      },
      {
        "date": "2023-11-06",
        "value": 184245930.09385726
      }
    ],
    "eps_trend": [
      {
        "date": "2025-07-28",
        "value": 0.008093894107095751
      },
      {
        "date": "2025-04-29",
        "value": 0.0076891994017409615
      },
      {
        "date": "2025-01-29",
        "value": 0.007304739431653915
      },
      {
        "date": "2024-10-31",
        "value": 0.006939502460071217
      },
      {
        "date": "2024-08-02",
        "value": 0.006592527337067656
      },
      {
        "date": "2024-05-04",
        "value": 0.006262900970214274
      },
      {
        "date": "2024-02-04",
        "value": 0.00594975592170356
      },
      {
        "date": "2023-11-06",
        "value": 0.005652268125618381
      }
    ],
    "earnings_dates": [
      "2025-07-28",
      "2025-04-29",
      "2025-01-29",
      "2024-10-31",
      "2024-08-02",
      "2024-05-04",
      "2024-02-04",
      "2023-11-06"
    ]
  },
  "analysis": {
    "avg_revenue_growth": 41.98345755612554,
    "avg_earnings_surprise": 1.446996589034966,
    "consistency_score": 88,
    "trend_direction": "growing"
  }
}