{
  "ticker": "PLTR",
  "quarters": [
    {
      "date": "2025-07-28",
      "quarter": "Q3 2025",
      "revenue": 29868374744.613426,
      "earnings": 5959707557.30176,
      "eps_actual": 4.4645644931048905,
      "eps_estimate": 4.529664113167298,
      "surprise_percent": -1.437184268766625,
      "price_on_date": 2211.2530665098634,
      "revenue_growth": 11.886626476485793,
      "earnings_growth": 14.765878988627634
    },
    {
      "date": "2025-04-29",
      "quarter": "Q2 2025",
      "revenue": 28374956007.382755,
      "earnings": 5661722179.436672,
      "eps_actual": 4.241336268449646,
      "eps_estimate": 4.074659380358482,
      "surprise_percent": 4.0905723038989334,
      "price_on_date": 1830.7238675896024,
      "revenue_growth": 17.567280450372575,
      "earnings_growth": 15.014290689376615
    },
    {
      "date": "2025-01-29",
      "quarter": "Q1 2025",
      "revenue": 26956208207.013615,
      "earnings": 5378636070.464838,
      "eps_actual": 4.029269455027164,
      "eps_estimate": 4.068707031667394,
      "surprise_percent": -0.969290153684727,
      "price_on_date": 2066.70896256947,
      "revenue_growth": 13.719201471853792,
      "earnings_growth": 13.598532561151245
    },
    {
      "date": "2024-10-31",
      "quarter": "Q4 2024",
      "revenue": 25608397796.662933,
      "earnings": 5109704266.941596,
      "eps_actual": 3.8278059822758053,
      "eps_estimate": 3.770629391488593,
      "surprise_percent": 1.5163672917915598,
      "price_on_date": 1667.3759456982852,
      "revenue_growth": 14.459779614013671,
      "earnings_growth": 12.726980381059386
    },
    {
      "date": "2024-08-02",
      "quarter": "Q3 2024",
      "revenue": 24327977906.829784,
      "earnings": 4854219053.594516,
      "eps_actual": 3.6364156831620145,
      "eps_estimate": 3.5578440505685696,
      "surprise_percent": 2.2084057501308574,
      "price_on_date": 1771.1287497577634,
      "revenue_growth": 15.251151809072839,
      "earnings_growth": 13.503343313132003
    },
    {
      "date": "2024-05-04",
      "quarter": "Q2 2024",
      "revenue": 23111579011.488293,
      "earnings": 4611508100.914789,
      "eps_actual": 3.4545948990039133,
      "eps_estimate": 3.485191500079548,
      "surprise_percent": -0.8779030097753971,
      "price_on_date": 1691.9303179760916,
      "revenue_growth": 11.842561662010176,
      "earnings_growth": 16.27337819728641
    },
    {
      "date": "2024-02-04",
      "quarter": "Q1 2024",
      "revenue": 21956000060.91388,
      "earnings": 4380932695.86905,
      "eps_actual": 3.281865154053718,
      "eps_estimate": 3.1347115127963603,
      "surprise_percent": 4.69432803167547,
      "price_on_date": 1645.1936126622454,
      "revenue_growth": 17.424681148723412,
      "earnings_growth": 18.91965010882275
    },
    {
      "date": "2023-11-06",
      "quarter": "Q4 2023",
      "revenue": 20858200057.868183,
      "earnings": 4161886061.0755973,
      "eps_actual": 3.117771896351032,
      "eps_estimate": 3.029488692446856,
      "surprise_percent": 2.9141288470323135,
      "price_on_date": 1389.0825947479634,
      "revenue_growth": 14.335270409652491,
      "earnings_growth": 10.988225422053178
    }
  ],
  "metrics": {
    "revenue_trend": [
      {
        "date": "2025-07-28",
        "value": 29868374744.613426
      },
      {
        "date": "2025-04-29",
        "value": 28374956007.382755
      },
      {
        "date": "2025-01-29",
        "value": 26956208207.013615
      },
      {
        "date": "2024-10-31",
        "value": 25608397796.662933
      },
      {
        "date": "2024-08-02",
        "value": 24327977906.829784
      },
      {
        "date": "2024-05-04",
        "value": 23111579011.488293
      },
      {
        "date": "2024-02-04",
        "value": 21956000060.91388
      },
      {
        "date": "2023-11-06",
        "value": 20858200057.868183
      }
    ],
    "eps_trend": [
      {
        "date": "2025-07-28",
        "value": 4.4645644931048905
      },
      {
        "date": "2025-04-29",
        "value": 4.241336268449646
      },
      {
        "date": "2025-01-29",
        "value": 4.029269455027164
      },
      {
        "date": "2024-10-31",
        "value": 3.8278059822758053
      },
      {
        "date": "2024-08-02",
        "value": 3.6364156831620145
      },
      {
        "date": "2024-05-04",
        "value": 3.4545948990039133
      },
      {
        "date": "2024-02-04",
        "value": 3.281865154053718
      },
      {
        "date": "2023-11-06",
        "value": 3.117771896351032
      }
    ],
    "earnings_dates": [
      "2025-07-28",
      "2025-04-29",
      "2025-01-29",
      "2024-10-31",
      "2024-08-02",
      "2024-05-04",
      "2024-02-04",
      "2023-11-06"
    ]
  },
  "analysis": {
    "avg_revenue_growth": 14.408222003181457,
    "avg_earnings_surprise": 0.8001162933097852,
    "consistency_score": 61,
    "trend_direction": "growing"
  }
}