{
  "ticker": "PM",
  "quarters": [
    {
      "date": "2025-07-28",
      "quarter": "Q3 2025",
      "revenue": 84976271.11648232,
      "earnings": 17460605.38928221,
      "eps_actual": 0.009231222552548811,
      "eps_estimate": 0.009112651293828431,
      "surprise_percent": 1.3011719081216517,
      "price_on_date": 0.35154647202242156,
      "revenue_growth": 31.25160426465582,
      "earnings_growth": 27.06483996304747
    },
    {
      "date": "2025-04-29",
      "quarter": "Q2 2025",
      "revenue": 80727457.5606582,
      "earnings": 16587575.1198181,
      "eps_actual": 0.00876966142492137,
      "eps_estimate": 0.008579188459726076,
      "surprise_percent": 2.2201746247846805,
      "price_on_date": 0.31277092446535976,
      "revenue_growth": 30.466026577312636,
      "earnings_growth": 34.299722177069555
    },
    {
      "date": "2025-01-29",
      "quarter": "Q1 2025",
      "revenue": 76691084.6826253,
      "earnings": 15758196.363827195,
      "eps_actual": 0.0083311783536753,
      "eps_estimate": 0.008025284225569885,
      "surprise_percent": 3.811629837741906,
      "price_on_date": 0.2992825026151301,
      "revenue_growth": 28.976353215384222,
      "earnings_growth": 36.762969434038325
    },
    {
      "date": "2024-10-31",
      "quarter": "Q4 2024",
      "revenue": 72856530.44849402,
      "earnings": 14970286.545635832,
      "eps_actual": 0.007914619435991534,
      "eps_estimate": 0.007858411751661928,
      "surprise_percent": 0.7152550172459331,
      "price_on_date": 0.2755172730236631,
      "revenue_growth": 28.42675150589676,
      "earnings_growth": 35.16774304275136
    },
    {
      "date": "2024-08-02",
      "quarter": "Q3 2024",
      "revenue": 69213703.92606932,
      "earnings": 14221772.218354043,
      "eps_actual": 0.007518888464191959,
      "eps_estimate": 0.0072147964025146664,
      "surprise_percent": 4.214839126594109,
      "price_on_date": 0.28825381412369516,
      "revenue_growth": 28.201858155078472,
      "earnings_growth": 38.41691689072071
    },
    {
      "date": "2024-05-04",
      "quarter": "Q2 2024",
      "revenue": 65753018.72976584,
      "earnings": 13510683.607436337,
      "eps_actual": 0.007142944040982359,
      "eps_estimate": 0.007039266940537766,
      "surprise_percent": 1.472839449340051,
      "price_on_date": 0.24775689235209278,
      "revenue_growth": 34.84726371903673,
      "earnings_growth": 27.153925921610277
    },
    {
      "date": "2024-02-04",
      "quarter": "Q1 2024",
      "revenue": 62465367.79327755,
      "earnings": 12835149.42706452,
      "eps_actual": 0.006785796838933241,
      "eps_estimate": 0.006582749374896603,
      "surprise_percent": 3.0845388829622125,
      "price_on_date": 0.22907265769786744,
      "revenue_growth": 30.51705836744363,
      "earnings_growth": 25.85336102367762
    },
    {
      "date": "2023-11-06",
      "quarter": "Q4 2023",
      "revenue": 59342099.403613664,
      "earnings": 12193391.955711292,
      "eps_actual": 0.006446506996986578,
      "eps_estimate": 0.006297884982320548,
      "surprise_percent": 2.3598718471874647,
      "price_on_date": 0.21832257698839055,
      "revenue_growth": 32.310394187877655,
      "earnings_growth": 22.385617024942672
    }
  ],
  "metrics": {
    "revenue_trend": [
      {
        "date": "2025-07-28",
        "value": 84976271.11648232
      },
      {
        "date": "2025-04-29",
        "value": 80727457.5606582
      },
      {
        "date": "2025-01-29",
        "value": 76691084.6826253
      },
      {
        "date": "2024-10-31",
        "value": 72856530.44849402
      },
      {
        "date": "2024-08-02",
        "value": 69213703.92606932
      },
      {
        "date": "2024-05-04",
        "value": 65753018.72976584
      },
      {
        "date": "2024-02-04",
        "value": 62465367.79327755
      },
      {
        "date": "2023-11-06",
        "value": 59342099.403613664
      }
    ],
    "eps_trend": [
      {
        "date": "2025-07-28",
        "value": 0.009231222552548811
      },
      {
        "date": "2025-04-29",
        "value": 0.00876966142492137
      },
      {
        "date": "2025-01-29",
        "value": 0.0083311783536753
      },
      {
        "date": "2024-10-31",
        "value": 0.007914619435991534
      },
      {
        "date": "2024-08-02",
        "value": 0.007518888464191959
      },
      {
        "date": "2024-05-04",
        "value": 0.007142944040982359
      },
      {
        "date": "2024-02-04",
        "value": 0.006785796838933241
      },
      {
        "date": "2023-11-06",
        "value": 0.006446506996986578
      }
    ],
    "earnings_dates": [
      "2025-07-28",
      "2025-04-29",
      "2025-01-29",
      "2024-10-31",
      "2024-08-02",
      "2024-05-04",
      "2024-02-04",
      "2023-11-06"
    ]
  },
  "analysis": {
    "avg_revenue_growth": 29.78018389081236,
    "avg_earnings_surprise": 2.012057846973543,
    "consistency_score": 78,
    "trend_direction": "growing"
  }
}