{
  "ticker": "PNC",
  "quarters": [
    {
      "date": "2025-07-28",
      "quarter": "Q3 2025",
      "revenue": 2219847488.681429,
      "earnings": 230709053.24837258,
      "eps_actual": 0.11404517353522552,
      "eps_estimate": 0.11432606012351575,
      "surprise_percent": -0.24568903011856214,
      "price_on_date": 39.41843551764368,
      "revenue_growth": 37.651101887609336,
      "earnings_growth": 30.181267748888246
    },
    {
      "date": "2025-04-29",
      "quarter": "Q2 2025",
      "revenue": 2108855114.2473574,
      "earnings": 219173600.58595395,
      "eps_actual": 0.10834291485846424,
      "eps_estimate": 0.1067214820254325,
      "surprise_percent": 1.519312515399053,
      "price_on_date": 37.05180322221175,
      "revenue_growth": 28.58333793444486,
      "earnings_growth": 27.102899022000937
    },
    {
      "date": "2025-01-29",
      "quarter": "Q1 2025",
      "revenue": 2003412358.5349896,
      "earnings": 208214920.55665627,
      "eps_actual": 0.10292576911554104,
      "eps_estimate": 0.09784633215700612,
      "surprise_percent": 5.191239003608585,
      "price_on_date": 31.534475444801753,
      "revenue_growth": 31.570733847534093,
      "earnings_growth": 30.965641166413945
    },
    {
      "date": "2024-10-31",
      "quarter": "Q4 2024",
      "revenue": 1903241740.60824,
      "earnings": 197804174.52882344,
      "eps_actual": 0.09777948065976398,
      "eps_estimate": 0.09703001557660368,
      "surprise_percent": 0.7724054033245124,
      "price_on_date": 31.839092272817442,
      "revenue_growth": 31.557310280800333,
      "earnings_growth": 27.660206213921036
    },
    {
      "date": "2024-08-02",
      "quarter": "Q3 2024",
      "revenue": 1808079653.577828,
      "earnings": 187913965.80238226,
      "eps_actual": 0.09289050662677577,
      "eps_estimate": 0.09170812850424999,
      "surprise_percent": 1.2892838855292794,
      "price_on_date": 30.05919141117361,
      "revenue_growth": 31.208074785414325,
      "earnings_growth": 32.122865290706606
    },
    {
      "date": "2024-05-04",
      "quarter": "Q2 2024",
      "revenue": 1717675670.8989363,
      "earnings": 178518267.51226312,
      "eps_actual": 0.08824598129543697,
      "eps_estimate": 0.08878853294176965,
      "surprise_percent": -0.6110604921116409,
      "price_on_date": 29.50181360151222,
      "revenue_growth": 34.57533563162007,
      "earnings_growth": 32.721698265295515
    },
    {
      "date": "2024-02-04",
      "quarter": "Q1 2024",
      "revenue": 1631791887.3539894,
      "earnings": 169592354.13664997,
      "eps_actual": 0.08383368223066512,
      "eps_estimate": 0.08296003136001202,
      "surprise_percent": 1.053098529895455,
      "price_on_date": 25.531071123626987,
      "revenue_growth": 38.28078923626097,
      "earnings_growth": 39.60531030688049
    },
    {
      "date": "2023-11-06",
      "quarter": "Q4 2023",
      "revenue": 1550202292.9862897,
      "earnings": 161112736.42981744,
      "eps_actual": 0.07964199811913185,
      "eps_estimate": 0.07804247870277872,
      "surprise_percent": 2.0495497361697392,
      "price_on_date": 27.88184351757994,
      "revenue_growth": 33.386822261877086,
      "earnings_growth": 29.04893398092041
    }
  ],
  "metrics": {
    "revenue_trend": [
      {
        "date": "2025-07-28",
        "value": 2219847488.681429
      },
      {
        "date": "2025-04-29",
        "value": 2108855114.2473574
      },
      {
        "date": "2025-01-29",
        "value": 2003412358.5349896
      },
      {
        "date": "2024-10-31",
        "value": 1903241740.60824
      },
      {
        "date": "2024-08-02",
        "value": 1808079653.577828
      },
      {
        "date": "2024-05-04",
        "value": 1717675670.8989363
      },
      {
        "date": "2024-02-04",
        "value": 1631791887.3539894
      },
      {
        "date": "2023-11-06",
        "value": 1550202292.9862897
      }
    ],
    "eps_trend": [
      {
        "date": "2025-07-28",
        "value": 0.11404517353522552
      },
      {
        "date": "2025-04-29",
        "value": 0.10834291485846424
      },
      {
        "date": "2025-01-29",
        "value": 0.10292576911554104
      },
      {
        "date": "2024-10-31",
        "value": 0.09777948065976398
      },
      {
        "date": "2024-08-02",
        "value": 0.09289050662677577
      },
      {
        "date": "2024-05-04",
        "value": 0.08824598129543697
      },
      {
        "date": "2024-02-04",
        "value": 0.08383368223066512
      },
      {
        "date": "2023-11-06",
        "value": 0.07964199811913185
      }
    ],
    "earnings_dates": [
      "2025-07-28",
      "2025-04-29",
      "2025-01-29",
      "2024-10-31",
      "2024-08-02",
      "2024-05-04",
      "2024-02-04",
      "2023-11-06"
    ]
  },
  "analysis": {
    "avg_revenue_growth": 32.340620987597156,
    "avg_earnings_surprise": 1.8093169730533971,
    "consistency_score": 60,
    "trend_direction": "growing"
  }
}