{
  "ticker": "PNR",
  "quarters": [
    {
      "date": "2025-07-28",
      "quarter": "Q3 2025",
      "revenue": 25896302.50497956,
      "earnings": 3604003.335710475,
      "eps_actual": 0.0012256524760114462,
      "eps_estimate": 0.0012287021213513902,
      "surprise_percent": -0.24820054323580445,
      "price_on_date": 0.09472824384316882,
      "revenue_growth": 50.50347079741803,
      "earnings_growth": 44.777171870822684
    },
    {
      "date": "2025-04-29",
      "quarter": "Q2 2025",
      "revenue": 24601487.37973058,
      "earnings": 3423803.168924951,
      "eps_actual": 0.0011643698522108739,
      "eps_estimate": 0.0011206074581117495,
      "surprise_percent": 3.905238518835582,
      "price_on_date": 0.0914881679674173,
      "revenue_growth": 52.24348786722253,
      "earnings_growth": 43.707563142084055
    },
    {
      "date": "2025-01-29",
      "quarter": "Q1 2025",
      "revenue": 23371413.01074405,
      "earnings": 3252613.010478704,
      "eps_actual": 0.0011061513596003303,
      "eps_estimate": 0.0011182204403256306,
      "surprise_percent": -1.0793114031957562,
      "price_on_date": 0.10249709439818773,
      "revenue_growth": 49.39399140004227,
      "earnings_growth": 51.24203023880987
    },
    {
      "date": "2024-10-31",
      "quarter": "Q4 2024",
      "revenue": 22202842.360206846,
      "earnings": 3089982.3599547683,
      "eps_actual": 0.0010508437916203137,
      "eps_estimate": 0.0010483308686901824,
      "surprise_percent": 0.23970704337562845,
      "price_on_date": 0.09461253867636332,
      "revenue_growth": 50.24679005271384,
      "earnings_growth": 54.365281135029186
    },
    {
      "date": "2024-08-02",
      "quarter": "Q3 2024",
      "revenue": 21092700.242196504,
      "earnings": 2935483.24195703,
      "eps_actual": 0.000998301602039298,
      "eps_estimate": 0.0009722246618771259,
      "surprise_percent": 2.6821928289521098,
      "price_on_date": 0.08060806920041624,
      "revenue_growth": 51.792747114706025,
      "earnings_growth": 32.976301382024474
    },
    {
      "date": "2024-05-04",
      "quarter": "Q2 2024",
      "revenue": 20038065.230086677,
      "earnings": 2788709.079859178,
      "eps_actual": 0.0009483865219373329,
      "eps_estimate": 0.0009573170541950922,
      "surprise_percent": -0.932870904014969,
      "price_on_date": 0.07912915187530273,
      "revenue_growth": 41.84383228117631,
      "earnings_growth": 42.02846000896878
    },
    {
      "date": "2024-02-04",
      "quarter": "Q1 2024",
      "revenue": 19036161.968582343,
      "earnings": 2649273.6258662194,
      "eps_actual": 0.0009009671958404664,
      "eps_estimate": 0.00086851402977575,
      "surprise_percent": 3.7366311829292767,
      "price_on_date": 0.08091430771613008,
      "revenue_growth": 43.33517358269781,
      "earnings_growth": 46.42481884832296
    },
    {
      "date": "2023-11-06",
      "quarter": "Q4 2023",
      "revenue": 18084353.870153222,
      "earnings": 2516809.944572908,
      "eps_actual": 0.0008559188360484428,
      "eps_estimate": 0.0008199930073447603,
      "surprise_percent": 4.381235983952453,
      "price_on_date": 0.0773447649388214,
      "revenue_growth": 49.209226990676356,
      "earnings_growth": 35.98483264398526
    }
  ],
  "metrics": {
    "revenue_trend": [
      {
        "date": "2025-07-28",
        "value": 25896302.50497956
      },
      {
        "date": "2025-04-29",
        "value": 24601487.37973058
      },
      {
        "date": "2025-01-29",
        "value": 23371413.01074405
      },
      {
        "date": "2024-10-31",
        "value": 22202842.360206846
      },
      {
        "date": "2024-08-02",
        "value": 21092700.242196504
      },
      {
        "date": "2024-05-04",
        "value": 20038065.230086677
      },
      {
        "date": "2024-02-04",
        "value": 19036161.968582343
      },
      {
        "date": "2023-11-06",
        "value": 18084353.870153222
      }
    ],
    "eps_trend": [
      {
        "date": "2025-07-28",
        "value": 0.0012256524760114462
      },
      {
        "date": "2025-04-29",
        "value": 0.0011643698522108739
      },
      {
        "date": "2025-01-29",
        "value": 0.0011061513596003303
      },
      {
        "date": "2024-10-31",
        "value": 0.0010508437916203137
      },
      {
        "date": "2024-08-02",
        "value": 0.000998301602039298
      },
      {
        "date": "2024-05-04",
        "value": 0.0009483865219373329
      },
      {
        "date": "2024-02-04",
        "value": 0.0009009671958404664
      },
      {
        "date": "2023-11-06",
        "value": 0.0008559188360484428
      }
    ],
    "earnings_dates": [
      "2025-07-28",
      "2025-04-29",
      "2025-01-29",
      "2024-10-31",
      "2024-08-02",
      "2024-05-04",
      "2024-02-04",
      "2023-11-06"
    ]
  },
  "analysis": {
    "avg_revenue_growth": 50.59693502934917,
    "avg_earnings_surprise": 0.7043584039449124,
    "consistency_score": 89,
    "trend_direction": "growing"
  }
}