{
  "ticker": "PNW",
  "quarters": [
    {
      "date": "2025-07-28",
      "quarter": "Q3 2025",
      "revenue": 74283548.17340374,
      "earnings": 3620942.6303991224,
      "eps_actual": 0.0012783468873498534,
      "eps_estimate": 0.0012627416588534722,
      "surprise_percent": 1.2358211505075607,
      "price_on_date": 0.6898123487374408,
      "revenue_growth": 10.00108629460953,
      "earnings_growth": 8.695936878215516
    },
    {
      "date": "2025-04-29",
      "quarter": "Q2 2025",
      "revenue": 70569370.76473355,
      "earnings": 3439895.4988791663,
      "eps_actual": 0.0012144295429823608,
      "eps_estimate": 0.0011815634451519921,
      "surprise_percent": 2.7815770676741707,
      "price_on_date": 0.6564167670698359,
      "revenue_growth": 13.916461491264975,
      "earnings_growth": 8.340706981022109
    },
    {
      "date": "2025-01-29",
      "quarter": "Q1 2025",
      "revenue": 67040902.226496875,
      "earnings": 3267900.723935208,
      "eps_actual": 0.0011537080658332428,
      "eps_estimate": 0.0011395823863270423,
      "surprise_percent": 1.2395487746812737,
      "price_on_date": 0.5339701790245215,
      "revenue_growth": 9.930395407049593,
      "earnings_growth": 10.326275377842142
    },
    {
      "date": "2024-10-31",
      "quarter": "Q4 2024",
      "revenue": 63688857.11517202,
      "earnings": 3104505.687738447,
      "eps_actual": 0.0010960226625415805,
      "eps_estimate": 0.001099245239016243,
      "surprise_percent": -0.29316265017863463,
      "price_on_date": 0.5535659106193377,
      "revenue_growth": 10.018002625923655,
      "earnings_growth": 14.096208201828428
    },
    {
      "date": "2024-08-02",
      "quarter": "Q3 2024",
      "revenue": 60504414.25941342,
      "earnings": 2949280.403351525,
      "eps_actual": 0.0010412215294145015,
      "eps_estimate": 0.0010537275604621077,
      "surprise_percent": -1.1868372354350931,
      "price_on_date": 0.48871923648574866,
      "revenue_growth": 10.820466726572933,
      "earnings_growth": 8.592084849464781
    },
    {
      "date": "2024-05-04",
      "quarter": "Q2 2024",
      "revenue": 57479193.54644274,
      "earnings": 2801816.3831839478,
      "eps_actual": 0.000989160452943776,
      "eps_estimate": 0.0009974548176171424,
      "surprise_percent": -0.831552921182049,
      "price_on_date": 0.5187468458709189,
      "revenue_growth": 11.184388634431745,
      "earnings_growth": 9.387697583418497
    },
    {
      "date": "2024-02-04",
      "quarter": "Q1 2024",
      "revenue": 54605233.869120605,
      "earnings": 2661725.5640247506,
      "eps_actual": 0.0009397024302965874,
      "eps_estimate": 0.000900576255778487,
      "surprise_percent": 4.34457096409659,
      "price_on_date": 0.48167571847600843,
      "revenue_growth": 11.510102155435941,
      "earnings_growth": 13.24685145412018
    },
    {
      "date": "2023-11-06",
      "quarter": "Q4 2023",
      "revenue": 51874972.17566457,
      "earnings": 2528639.285823513,
      "eps_actual": 0.0008927173087817579,
      "eps_estimate": 0.0008635550457413596,
      "surprise_percent": 3.3770010590769646,
      "price_on_date": 0.4361096701461281,
      "revenue_growth": 9.761473942087143,
      "earnings_growth": 11.216385334370283
    }
  ],
  "metrics": {
    "revenue_trend": [
      {
        "date": "2025-07-28",
        "value": 74283548.17340374
      },
      {
        "date": "2025-04-29",
        "value": 70569370.76473355
      },
      {
        "date": "2025-01-29",
        "value": 67040902.226496875
      },
      {
        "date": "2024-10-31",
        "value": 63688857.11517202
      },
      {
        "date": "2024-08-02",
        "value": 60504414.25941342
      },
      {
        "date": "2024-05-04",
        "value": 57479193.54644274
      },
      {
        "date": "2024-02-04",
        "value": 54605233.869120605
      },
      {
        "date": "2023-11-06",
        "value": 51874972.17566457
      }
    ],
    "eps_trend": [
      {
        "date": "2025-07-28",
        "value": 0.0012783468873498534
      },
      {
        "date": "2025-04-29",
        "value": 0.0012144295429823608
      },
      {
        "date": "2025-01-29",
        "value": 0.0011537080658332428
      },
      {
        "date": "2024-10-31",
        "value": 0.0010960226625415805
      },
      {
        "date": "2024-08-02",
        "value": 0.0010412215294145015
      },
      {
        "date": "2024-05-04",
        "value": 0.000989160452943776
      },
      {
        "date": "2024-02-04",
        "value": 0.0009397024302965874
      },
      {
        "date": "2023-11-06",
        "value": 0.0008927173087817579
      }
    ],
    "earnings_dates": [
      "2025-07-28",
      "2025-04-29",
      "2025-01-29",
      "2024-10-31",
      "2024-08-02",
      "2024-05-04",
      "2024-02-04",
      "2023-11-06"
    ]
  },
  "analysis": {
    "avg_revenue_growth": 10.966486454711939,
    "avg_earnings_surprise": 1.2409460856710925,
    "consistency_score": 77,
    "trend_direction": "growing"
  }
}