{
  "ticker": "PODD",
  "quarters": [
    {
      "date": "2025-07-28",
      "quarter": "Q3 2025",
      "revenue": 63219588.36650127,
      "earnings": 6487808.446163387,
      "eps_actual": 0.0017211947742847694,
      "eps_estimate": 0.0016382862554570402,
      "surprise_percent": 5.060685734960275,
      "price_on_date": 0.09655202761719485,
      "revenue_growth": 28.215640492864157,
      "earnings_growth": 27.346321159028825
    },
    {
      "date": "2025-04-29",
      "quarter": "Q2 2025",
      "revenue": 60058608.948176205,
      "earnings": 6163418.023855217,
      "eps_actual": 0.0016351350355705307,
      "eps_estimate": 0.0016159146632883396,
      "surprise_percent": 1.189442284227943,
      "price_on_date": 0.0882398507970265,
      "revenue_growth": 22.080474056047546,
      "earnings_growth": 25.70112881291542
    },
    {
      "date": "2025-01-29",
      "quarter": "Q1 2025",
      "revenue": 57055678.500767395,
      "earnings": 5855247.122662456,
      "eps_actual": 0.001553378283792004,
      "eps_estimate": 0.001484045683409702,
      "surprise_percent": 4.67186429349031,
      "price_on_date": 0.0844222176395966,
      "revenue_growth": 24.025399907444392,
      "earnings_growth": 20.351727120522124
    },
    {
      "date": "2024-10-31",
      "quarter": "Q4 2024",
      "revenue": 54202894.57572902,
      "earnings": 5562484.766529333,
      "eps_actual": 0.0014757093696024038,
      "eps_estimate": 0.001440107274871151,
      "surprise_percent": 2.472183520803213,
      "price_on_date": 0.07100558064430955,
      "revenue_growth": 27.993381705854564,
      "earnings_growth": 32.22486598558752
    },
    {
      "date": "2024-08-02",
      "quarter": "Q3 2024",
      "revenue": 51492749.84694257,
      "earnings": 5284360.528202866,
      "eps_actual": 0.0014019239011222836,
      "eps_estimate": 0.0014037231301202663,
      "surprise_percent": -0.12817548983670032,
      "price_on_date": 0.06936146155124796,
      "revenue_growth": 28.330385125439392,
      "earnings_growth": 30.720452251183282
    },
    {
      "date": "2024-05-04",
      "quarter": "Q2 2024",
      "revenue": 48918112.35459543,
      "earnings": 5020142.501792721,
      "eps_actual": 0.0013318277060661691,
      "eps_estimate": 0.001320818654487158,
      "surprise_percent": 0.8335021270036325,
      "price_on_date": 0.06587324987109576,
      "revenue_growth": 26.02013580986408,
      "earnings_growth": 31.119705707624178
    },
    {
      "date": "2024-02-04",
      "quarter": "Q1 2024",
      "revenue": 46472206.73686566,
      "earnings": 4769135.376703086,
      "eps_actual": 0.0012652363207628608,
      "eps_estimate": 0.0012028104982830237,
      "surprise_percent": 5.189996476498013,
      "price_on_date": 0.0712686507996392,
      "revenue_growth": 22.740675426530245,
      "earnings_growth": 25.632738447315063
    },
    {
      "date": "2023-11-06",
      "quarter": "Q4 2023",
      "revenue": 44148596.40002237,
      "earnings": 4530678.607867931,
      "eps_actual": 0.0012019745047247175,
      "eps_estimate": 0.0011946958338254787,
      "surprise_percent": 0.6092488726550708,
      "price_on_date": 0.05722767055675042,
      "revenue_growth": 27.914452813646918,
      "earnings_growth": 22.437558273550582
    }
  ],
  "metrics": {
    "revenue_trend": [
      {
        "date": "2025-07-28",
        "value": 63219588.36650127
      },
      {
        "date": "2025-04-29",
        "value": 60058608.948176205
      },
      {
        "date": "2025-01-29",
        "value": 57055678.500767395
      },
      {
        "date": "2024-10-31",
        "value": 54202894.57572902
      },
      {
        "date": "2024-08-02",
        "value": 51492749.84694257
      },
      {
        "date": "2024-05-04",
        "value": 48918112.35459543
      },
      {
        "date": "2024-02-04",
        "value": 46472206.73686566
      },
      {
        "date": "2023-11-06",
        "value": 44148596.40002237
      }
    ],
    "eps_trend": [
      {
        "date": "2025-07-28",
        "value": 0.0017211947742847694
      },
      {
        "date": "2025-04-29",
        "value": 0.0016351350355705307
      },
      {
        "date": "2025-01-29",
        "value": 0.001553378283792004
      },
      {
        "date": "2024-10-31",
        "value": 0.0014757093696024038
      },
      {
        "date": "2024-08-02",
        "value": 0.0014019239011222836
      },
      {
        "date": "2024-05-04",
        "value": 0.0013318277060661691
      },
      {
        "date": "2024-02-04",
        "value": 0.0012652363207628608
      },
      {
        "date": "2023-11-06",
        "value": 0.0012019745047247175
      }
    ],
    "earnings_dates": [
      "2025-07-28",
      "2025-04-29",
      "2025-01-29",
      "2024-10-31",
      "2024-08-02",
      "2024-05-04",
      "2024-02-04",
      "2023-11-06"
    ]
  },
  "analysis": {
    "avg_revenue_growth": 25.578724040552665,
    "avg_earnings_surprise": 3.3485439583704353,
    "consistency_score": 72,
    "trend_direction": "growing"
  }
}