{
  "ticker": "POOL",
  "quarters": [
    {
      "date": "2025-07-28",
      "quarter": "Q3 2025",
      "revenue": 19976731.04759996,
      "earnings": 2298610.3898150967,
      "eps_actual": 0.0006642874443218751,
      "eps_estimate": 0.0006637885855446468,
      "surprise_percent": 0.0751532623627405,
      "price_on_date": 0.29367659318522693,
      "revenue_growth": 1.951269394654073,
      "earnings_growth": 2.034722056875406
    },
    {
      "date": "2025-04-29",
      "quarter": "Q2 2025",
      "revenue": 18977894.49521996,
      "earnings": 2183679.8703243416,
      "eps_actual": 0.0006310730721057813,
      "eps_estimate": 0.0006201948730245637,
      "surprise_percent": 1.7539969377958375,
      "price_on_date": 0.27211301212086286,
      "revenue_growth": 1.6773887626442092,
      "earnings_growth": 1.5589902638299336
    },
    {
      "date": "2025-01-29",
      "quarter": "Q1 2025",
      "revenue": 18028999.770458963,
      "earnings": 2074495.8768081246,
      "eps_actual": 0.0005995194185004923,
      "eps_estimate": 0.0006087627498950485,
      "surprise_percent": -1.518379926523069,
      "price_on_date": 0.25163800583912593,
      "revenue_growth": 2.143212397482745,
      "earnings_growth": 1.3475114388065499
    },
    {
      "date": "2024-10-31",
      "quarter": "Q4 2024",
      "revenue": 17127549.781936012,
      "earnings": 1970771.0829677181,
      "eps_actual": 0.0005695434475754676,
      "eps_estimate": 0.0005673337340106317,
      "surprise_percent": 0.3894909525676957,
      "price_on_date": 0.24585636973324979,
      "revenue_growth": 1.5051379135241114,
      "earnings_growth": 1.6927756000594267
    },
    {
      "date": "2024-08-02",
      "quarter": "Q3 2024",
      "revenue": 16271172.292839212,
      "earnings": 1872232.5288193324,
      "eps_actual": 0.0005410662751966942,
      "eps_estimate": 0.0005266866345632981,
      "surprise_percent": 2.73020800030723,
      "price_on_date": 0.2335236310508885,
      "revenue_growth": 1.8118867774621272,
      "earnings_growth": 1.5007952392459238
    },
    {
      "date": "2024-05-04",
      "quarter": "Q2 2024",
      "revenue": 15457613.67819725,
      "earnings": 1778620.9023783654,
      "eps_actual": 0.0005140129614368594,
      "eps_estimate": 0.0005232982435385662,
      "surprise_percent": -1.7743766993979084,
      "price_on_date": 0.21939097773013355,
      "revenue_growth": 1.98390448656483,
      "earnings_growth": 1.3436989924249265
    },
    {
      "date": "2024-02-04",
      "quarter": "Q1 2024",
      "revenue": 14684732.994287388,
      "earnings": 1689689.8572594472,
      "eps_actual": 0.0004883123133650165,
      "eps_estimate": 0.0004874469442233561,
      "surprise_percent": 0.1775309399137237,
      "price_on_date": 0.21333723589363393,
      "revenue_growth": 1.9495678300854944,
      "earnings_growth": 1.6425398804141755
    },
    {
      "date": "2023-11-06",
      "quarter": "Q4 2023",
      "revenue": 13950496.344573017,
      "earnings": 1605205.3643964748,
      "eps_actual": 0.00046389669769676564,
      "eps_estimate": 0.00044251254743796605,
      "surprise_percent": 4.832439302028458,
      "price_on_date": 0.18151287135315558,
      "revenue_growth": 1.97021197660785,
      "earnings_growth": 1.9381818155826318
    }
  ],
  "metrics": {
    "revenue_trend": [
      {
        "date": "2025-07-28",
        "value": 19976731.04759996
      },
      {
        "date": "2025-04-29",
        "value": 18977894.49521996
      },
      {
        "date": "2025-01-29",
        "value": 18028999.770458963
      },
      {
        "date": "2024-10-31",
        "value": 17127549.781936012
      },
      {
        "date": "2024-08-02",
        "value": 16271172.292839212
      },
      {
        "date": "2024-05-04",
        "value": 15457613.67819725
      },
      {
        "date": "2024-02-04",
        "value": 14684732.994287388
      },
      {
        "date": "2023-11-06",
        "value": 13950496.344573017
      }
    ],
    "eps_trend": [
      {
        "date": "2025-07-28",
        "value": 0.0006642874443218751
      },
      {
        "date": "2025-04-29",
        "value": 0.0006310730721057813
      },
      {
        "date": "2025-01-29",
        "value": 0.0005995194185004923
      },
      {
        "date": "2024-10-31",
        "value": 0.0005695434475754676
      },
      {
        "date": "2024-08-02",
        "value": 0.0005410662751966942
      },
      {
        "date": "2024-05-04",
        "value": 0.0005140129614368594
      },
      {
        "date": "2024-02-04",
        "value": 0.0004883123133650165
      },
      {
        "date": "2023-11-06",
        "value": 0.00046389669769676564
      }
    ],
    "earnings_dates": [
      "2025-07-28",
      "2025-04-29",
      "2025-01-29",
      "2024-10-31",
      "2024-08-02",
      "2024-05-04",
      "2024-02-04",
      "2023-11-06"
    ]
  },
  "analysis": {
    "avg_revenue_growth": 1.8192521170762848,
    "avg_earnings_surprise": 0.17506530655080116,
    "consistency_score": 70,
    "trend_direction": "stable"
  }
}