{
  "ticker": "PPG",
  "quarters": [
    {
      "date": "2025-07-28",
      "quarter": "Q3 2025",
      "revenue": 27882670.09900655,
      "earnings": 1709676.4988986773,
      "eps_actual": 0.0006036504194343212,
      "eps_estimate": 0.0005976096004444086,
      "surprise_percent": 1.010830312200534,
      "price_on_date": 0.5587059973817672,
      "revenue_growth": 15.792198433744176,
      "earnings_growth": 18.44302114982045
    },
    {
      "date": "2025-04-29",
      "quarter": "Q2 2025",
      "revenue": 26488536.59405622,
      "earnings": 1624192.6739537432,
      "eps_actual": 0.0005734678984626051,
      "eps_estimate": 0.000582462270265103,
      "surprise_percent": -1.5441981844427726,
      "price_on_date": 0.4994927126411953,
      "revenue_growth": 13.30289355740366,
      "earnings_growth": 16.452378651513857
    },
    {
      "date": "2025-01-29",
      "quarter": "Q1 2025",
      "revenue": 25164109.76435341,
      "earnings": 1542983.0402560562,
      "eps_actual": 0.0005447945035394749,
      "eps_estimate": 0.0005525568084041689,
      "surprise_percent": -1.4047976147669143,
      "price_on_date": 0.4401410096875358,
      "revenue_growth": 15.550865337306766,
      "earnings_growth": 13.417126599627727
    },
    {
      "date": "2024-10-31",
      "quarter": "Q4 2024",
      "revenue": 23905904.276135735,
      "earnings": 1465833.888243253,
      "eps_actual": 0.000517554778362501,
      "eps_estimate": 0.0005245420249170453,
      "surprise_percent": -1.332066111509242,
      "price_on_date": 0.4003162205186207,
      "revenue_growth": 11.643716111640261,
      "earnings_growth": 12.473282728123325
    },
    {
      "date": "2024-08-02",
      "quarter": "Q3 2024",
      "revenue": 22710609.06232895,
      "earnings": 1392542.1938310906,
      "eps_actual": 0.0004916770394443761,
      "eps_estimate": 0.0004798261681036358,
      "surprise_percent": 2.4698259762649397,
      "price_on_date": 0.45502570288145744,
      "revenue_growth": 13.614872994610533,
      "earnings_growth": 10.746391929322959
    },
    {
      "date": "2024-05-04",
      "quarter": "Q2 2024",
      "revenue": 21575078.6092125,
      "earnings": 1322915.084139536,
      "eps_actual": 0.0004670931874721572,
      "eps_estimate": 0.0004594813129598276,
      "surprise_percent": 1.656623304938423,
      "price_on_date": 0.37339201388858273,
      "revenue_growth": 12.334421551162986,
      "earnings_growth": 12.58664278982632
    },
    {
      "date": "2024-02-04",
      "quarter": "Q1 2024",
      "revenue": 20496324.678751875,
      "earnings": 1256769.329932559,
      "eps_actual": 0.0004437385280985493,
      "eps_estimate": 0.00043762805949135685,
      "surprise_percent": 1.396269840259901,
      "price_on_date": 0.4045833330209894,
      "revenue_growth": 12.179256294962686,
      "earnings_growth": 15.356246257356757
    },
    {
      "date": "2023-11-06",
      "quarter": "Q4 2023",
      "revenue": 19471508.44481428,
      "earnings": 1193930.863435931,
      "eps_actual": 0.00042155160169362184,
      "eps_estimate": 0.00040311159535971525,
      "surprise_percent": 4.574417244795877,
      "price_on_date": 0.39052746226272905,
      "revenue_growth": 16.923202750890894,
      "earnings_growth": 18.477879329764374
    }
  ],
  "metrics": {
    "revenue_trend": [
      {
        "date": "2025-07-28",
        "value": 27882670.09900655
      },
      {
        "date": "2025-04-29",
        "value": 26488536.59405622
      },
      {
        "date": "2025-01-29",
        "value": 25164109.76435341
      },
      {
        "date": "2024-10-31",
        "value": 23905904.276135735
      },
      {
        "date": "2024-08-02",
        "value": 22710609.06232895
      },
      {
        "date": "2024-05-04",
        "value": 21575078.6092125
      },
      {
        "date": "2024-02-04",
        "value": 20496324.678751875
      },
      {
        "date": "2023-11-06",
        "value": 19471508.44481428
      }
    ],
    "eps_trend": [
      {
        "date": "2025-07-28",
        "value": 0.0006036504194343212
      },
      {
        "date": "2025-04-29",
        "value": 0.0005734678984626051
      },
      {
        "date": "2025-01-29",
        "value": 0.0005447945035394749
      },
      {
        "date": "2024-10-31",
        "value": 0.000517554778362501
      },
      {
        "date": "2024-08-02",
        "value": 0.0004916770394443761
      },
      {
        "date": "2024-05-04",
        "value": 0.0004670931874721572
      },
      {
        "date": "2024-02-04",
        "value": 0.0004437385280985493
      },
      {
        "date": "2023-11-06",
        "value": 0.00042155160169362184
      }
    ],
    "earnings_dates": [
      "2025-07-28",
      "2025-04-29",
      "2025-01-29",
      "2024-10-31",
      "2024-08-02",
      "2024-05-04",
      "2024-02-04",
      "2023-11-06"
    ]
  },
  "analysis": {
    "avg_revenue_growth": 14.072418360023715,
    "avg_earnings_surprise": -0.8175578996295987,
    "consistency_score": 78,
    "trend_direction": "growing"
  }
}