{
  "ticker": "PPL",
  "quarters": [
    {
      "date": "2025-07-28",
      "quarter": "Q3 2025",
      "revenue": 54939530.0363587,
      "earnings": 10250443.456320854,
      "eps_actual": 0.002184401059115429,
      "eps_estimate": 0.0020953737736222207,
      "surprise_percent": 4.24875440429461,
      "price_on_date": 0.18291231101110095,
      "revenue_growth": -18.422464971628422,
      "earnings_growth": -12.922635345053678
    },
    {
      "date": "2025-04-29",
      "quarter": "Q2 2025",
      "revenue": 52192553.534540765,
      "earnings": 9737921.283504812,
      "eps_actual": 0.002075181006159658,
      "eps_estimate": 0.0020732797082699556,
      "surprise_percent": 0.09170484243483588,
      "price_on_date": 0.14714800004781442,
      "revenue_growth": -16.624730866954252,
      "earnings_growth": -18.589835604232437
    },
    {
      "date": "2025-01-29",
      "quarter": "Q1 2025",
      "revenue": 49582925.85781372,
      "earnings": 9251025.219329571,
      "eps_actual": 0.001971421955851675,
      "eps_estimate": 0.0018924216265733674,
      "surprise_percent": 4.174562801913986,
      "price_on_date": 0.15430401487551354,
      "revenue_growth": -18.497948315784065,
      "earnings_growth": -18.231289731507445
    },
    {
      "date": "2024-10-31",
      "quarter": "Q4 2024",
      "revenue": 47103779.56492303,
      "earnings": 8788473.958363092,
      "eps_actual": 0.001872850858059091,
      "eps_estimate": 0.0018606295829882696,
      "surprise_percent": 0.6568354702386993,
      "price_on_date": 0.1375090997294807,
      "revenue_growth": -20.36766391792956,
      "earnings_growth": -14.032294945882644
    },
    {
      "date": "2024-08-02",
      "quarter": "Q3 2024",
      "revenue": 44748590.58667688,
      "earnings": 8349050.260444937,
      "eps_actual": 0.0017792083151561364,
      "eps_estimate": 0.0017615452330060212,
      "surprise_percent": 1.0027038658538328,
      "price_on_date": 0.1371582628299725,
      "revenue_growth": -18.65106808719634,
      "earnings_growth": -18.33877437278627
    },
    {
      "date": "2024-05-04",
      "quarter": "Q2 2024",
      "revenue": 42511161.05734303,
      "earnings": 7931597.747422689,
      "eps_actual": 0.0016902478993983292,
      "eps_estimate": 0.0016301127048179449,
      "surprise_percent": 3.689020667261189,
      "price_on_date": 0.135226845793091,
      "revenue_growth": -21.70689211575571,
      "earnings_growth": -19.86111224846617
    },
    {
      "date": "2024-02-04",
      "quarter": "Q1 2024",
      "revenue": 40385603.00447588,
      "earnings": 7535017.860051554,
      "eps_actual": 0.0016057355044284127,
      "eps_estimate": 0.0015354803024028264,
      "surprise_percent": 4.575454463052773,
      "price_on_date": 0.12631062617357314,
      "revenue_growth": -20.87685033242018,
      "earnings_growth": -19.110341669282416
    },
    {
      "date": "2023-11-06",
      "quarter": "Q4 2023",
      "revenue": 38366322.854252085,
      "earnings": 7158266.967048977,
      "eps_actual": 0.0015254487292069923,
      "eps_estimate": 0.0015455970825144617,
      "surprise_percent": -1.3035967481700335,
      "price_on_date": 0.12314082924438352,
      "revenue_growth": -21.041603089622743,
      "earnings_growth": -23.194416053485078
    }
  ],
  "metrics": {
    "revenue_trend": [
      {
        "date": "2025-07-28",
        "value": 54939530.0363587
      },
      {
        "date": "2025-04-29",
        "value": 52192553.534540765
      },
      {
        "date": "2025-01-29",
        "value": 49582925.85781372
      },
      {
        "date": "2024-10-31",
        "value": 47103779.56492303
      },
      {
        "date": "2024-08-02",
        "value": 44748590.58667688
      },
      {
        "date": "2024-05-04",
        "value": 42511161.05734303
      },
      {
        "date": "2024-02-04",
        "value": 40385603.00447588
      },
      {
        "date": "2023-11-06",
        "value": 38366322.854252085
      }
    ],
    "eps_trend": [
      {
        "date": "2025-07-28",
        "value": 0.002184401059115429
      },
      {
        "date": "2025-04-29",
        "value": 0.002075181006159658
      },
      {
        "date": "2025-01-29",
        "value": 0.001971421955851675
      },
      {
        "date": "2024-10-31",
        "value": 0.001872850858059091
      },
      {
        "date": "2024-08-02",
        "value": 0.0017792083151561364
      },
      {
        "date": "2024-05-04",
        "value": 0.0016902478993983292
      },
      {
        "date": "2024-02-04",
        "value": 0.0016057355044284127
      },
      {
        "date": "2023-11-06",
        "value": 0.0015254487292069923
      }
    ],
    "earnings_dates": [
      "2025-07-28",
      "2025-04-29",
      "2025-01-29",
      "2024-10-31",
      "2024-08-02",
      "2024-05-04",
      "2024-02-04",
      "2023-11-06"
    ]
  },
  "analysis": {
    "avg_revenue_growth": -18.478202018074075,
    "avg_earnings_surprise": 2.2929643797205324,
    "consistency_score": 65,
    "trend_direction": "declining"
  }
}