{
  "ticker": "PRU",
  "quarters": [
    {
      "date": "2025-07-28",
      "quarter": "Q3 2025",
      "revenue": 81845290.1129826,
      "earnings": 5516058.404861704,
      "eps_actual": 0.0025932783484064674,
      "eps_estimate": 0.0024885414585103165,
      "surprise_percent": 4.208766124348526,
      "price_on_date": 0.7671235428276972,
      "revenue_growth": -2.0092092049129153,
      "earnings_growth": -2.9264615299854837
    },
    {
      "date": "2025-04-29",
      "quarter": "Q2 2025",
      "revenue": 77753025.60733347,
      "earnings": 5240255.484618619,
      "eps_actual": 0.0024636144309861437,
      "eps_estimate": 0.0024102568517684448,
      "surprise_percent": 2.2137714981932164,
      "price_on_date": 0.7039077782360673,
      "revenue_growth": -2.489159048258136,
      "earnings_growth": -2.8738345488460184
    },
    {
      "date": "2025-01-29",
      "quarter": "Q1 2025",
      "revenue": 73865374.32696679,
      "earnings": 4978242.710387688,
      "eps_actual": 0.0023404337094368364,
      "eps_estimate": 0.0023584514506640123,
      "surprise_percent": -0.7639648983278039,
      "price_on_date": 0.6908570878555711,
      "revenue_growth": -1.982401247629506,
      "earnings_growth": -3.0520541516180257
    },
    {
      "date": "2024-10-31",
      "quarter": "Q4 2024",
      "revenue": 70172105.61061844,
      "earnings": 4729330.574868303,
      "eps_actual": 0.002223412023964994,
      "eps_estimate": 0.002175633330119609,
      "surprise_percent": 2.1960820871759017,
      "price_on_date": 0.6408680465581523,
      "revenue_growth": -2.0808629453702925,
      "earnings_growth": -3.1370187905665428
    },
    {
      "date": "2024-08-02",
      "quarter": "Q3 2024",
      "revenue": 66663500.33008753,
      "earnings": 4492864.046124888,
      "eps_actual": 0.0021122414227667447,
      "eps_estimate": 0.00206436575186876,
      "surprise_percent": 2.3191467333075853,
      "price_on_date": 0.5330402041571168,
      "revenue_growth": -2.473800237564278,
      "earnings_growth": -2.137180444101464
    },
    {
      "date": "2024-05-04",
      "quarter": "Q2 2024",
      "revenue": 63330325.313583136,
      "earnings": 4268220.843818642,
      "eps_actual": 0.0020066293516284067,
      "eps_estimate": 0.0019905359560145252,
      "surprise_percent": 0.8084955996526632,
      "price_on_date": 0.5264641456480176,
      "revenue_growth": -2.410553410060903,
      "earnings_growth": -3.0672491462903464
    },
    {
      "date": "2024-02-04",
      "quarter": "Q1 2024",
      "revenue": 60163809.047903985,
      "earnings": 4054809.801627711,
      "eps_actual": 0.0019062978840469868,
      "eps_estimate": 0.0019183314507617978,
      "surprise_percent": -0.6272934069882593,
      "price_on_date": 0.564896161999446,
      "revenue_growth": -2.3712093402936527,
      "earnings_growth": -2.0187279837017864
    },
    {
      "date": "2023-11-06",
      "quarter": "Q4 2023",
      "revenue": 57155618.59550878,
      "earnings": 3852069.3115463248,
      "eps_actual": 0.0018109829898446373,
      "eps_estimate": 0.001779190237818513,
      "surprise_percent": 1.7869225758064908,
      "price_on_date": 0.4817409411688748,
      "revenue_growth": -2.472618913535626,
      "earnings_growth": -3.1871361081175915
    }
  ],
  "metrics": {
    "revenue_trend": [
      {
        "date": "2025-07-28",
        "value": 81845290.1129826
      },
      {
        "date": "2025-04-29",
        "value": 77753025.60733347
      },
      {
        "date": "2025-01-29",
        "value": 73865374.32696679
      },
      {
        "date": "2024-10-31",
        "value": 70172105.61061844
      },
      {
        "date": "2024-08-02",
        "value": 66663500.33008753
      },
      {
        "date": "2024-05-04",
        "value": 63330325.313583136
      },
      {
        "date": "2024-02-04",
        "value": 60163809.047903985
      },
      {
        "date": "2023-11-06",
        "value": 57155618.59550878
      }
    ],
    "eps_trend": [
      {
        "date": "2025-07-28",
        "value": 0.0025932783484064674
      },
      {
        "date": "2025-04-29",
        "value": 0.0024636144309861437
      },
      {
        "date": "2025-01-29",
        "value": 0.0023404337094368364
      },
      {
        "date": "2024-10-31",
        "value": 0.002223412023964994
      },
      {
        "date": "2024-08-02",
        "value": 0.0021122414227667447
      },
      {
        "date": "2024-05-04",
        "value": 0.0020066293516284067
      },
      {
        "date": "2024-02-04",
        "value": 0.0019062978840469868
      },
      {
        "date": "2023-11-06",
        "value": 0.0018109829898446373
      }
    ],
    "earnings_dates": [
      "2025-07-28",
      "2025-04-29",
      "2025-01-29",
      "2024-10-31",
      "2024-08-02",
      "2024-05-04",
      "2024-02-04",
      "2023-11-06"
    ]
  },
  "analysis": {
    "avg_revenue_growth": -2.1404081115427123,
    "avg_earnings_surprise": 1.9636637028474602,
    "consistency_score": 91,
    "trend_direction": "stable"
  }
}