{
  "ticker": "PSA",
  "quarters": [
    {
      "date": "2025-07-28",
      "quarter": "Q3 2025",
      "revenue": 46219161.132971145,
      "earnings": 13336249.287371034,
      "eps_actual": 0.05601814267489622,
      "eps_estimate": 0.0536978682516699,
      "surprise_percent": 4.3209805133263615,
      "price_on_date": 7.576286276821903,
      "revenue_growth": 24.92951908266602,
      "earnings_growth": 21.404963393293535
    },
    {
      "date": "2025-04-29",
      "quarter": "Q2 2025",
      "revenue": 43908203.076322585,
      "earnings": 12669436.823002482,
      "eps_actual": 0.05321723554115141,
      "eps_estimate": 0.051632092925045565,
      "surprise_percent": 3.070072364502055,
      "price_on_date": 7.127055540262409,
      "revenue_growth": 25.693895232536708,
      "earnings_growth": 25.852908977527132
    },
    {
      "date": "2025-01-29",
      "quarter": "Q1 2025",
      "revenue": 41712792.92250646,
      "earnings": 12035964.981852358,
      "eps_actual": 0.050556373764093845,
      "eps_estimate": 0.048883724024212136,
      "surprise_percent": 3.4216904977477687,
      "price_on_date": 6.161470338834724,
      "revenue_growth": 19.584533061399455,
      "earnings_growth": 15.306069267224165
    },
    {
      "date": "2024-10-31",
      "quarter": "Q4 2024",
      "revenue": 39627153.27638113,
      "earnings": 11434166.732759738,
      "eps_actual": 0.04802855507588914,
      "eps_estimate": 0.0478993927867058,
      "surprise_percent": 0.2696532913444245,
      "price_on_date": 6.143306703539901,
      "revenue_growth": 25.61546899894407,
      "earnings_growth": 25.34453482028968
    },
    {
      "date": "2024-08-02",
      "quarter": "Q3 2024",
      "revenue": 37645795.612562075,
      "earnings": 10862458.396121752,
      "eps_actual": 0.04562712732209469,
      "eps_estimate": 0.04522996089248027,
      "surprise_percent": 0.8781047380486436,
      "price_on_date": 5.399044821960877,
      "revenue_growth": 17.36737227792707,
      "earnings_growth": 21.968043725349144
    },
    {
      "date": "2024-05-04",
      "quarter": "Q2 2024",
      "revenue": 35763505.83193397,
      "earnings": 10319335.476315662,
      "eps_actual": 0.043345770955989946,
      "eps_estimate": 0.0439786791367778,
      "surprise_percent": -1.4391250333359216,
      "price_on_date": 5.5133127161805175,
      "revenue_growth": 17.72044796644012,
      "earnings_growth": 24.272943851282818
    },
    {
      "date": "2024-02-04",
      "quarter": "Q1 2024",
      "revenue": 33975330.540337265,
      "earnings": 9803368.70249988,
      "eps_actual": 0.04117848240819045,
      "eps_estimate": 0.03930450692726689,
      "surprise_percent": 4.767838671507456,
      "price_on_date": 5.018574777098225,
      "revenue_growth": 23.067972049476015,
      "earnings_growth": 17.05155592835762
    },
    {
      "date": "2023-11-06",
      "quarter": "Q4 2023",
      "revenue": 32276564.0133204,
      "earnings": 9313200.267374884,
      "eps_actual": 0.03911955828778092,
      "eps_estimate": 0.037668875935570806,
      "surprise_percent": 3.851143194958558,
      "price_on_date": 4.672677456362005,
      "revenue_growth": 17.46062389524315,
      "earnings_growth": 15.435839616180921
    }
  ],
  "metrics": {
    "revenue_trend": [
      {
        "date": "2025-07-28",
        "value": 46219161.132971145
      },
      {
        "date": "2025-04-29",
        "value": 43908203.076322585
      },
      {
        "date": "2025-01-29",
        "value": 41712792.92250646
      },
      {
        "date": "2024-10-31",
        "value": 39627153.27638113
      },
      {
        "date": "2024-08-02",
        "value": 37645795.612562075
      },
      {
        "date": "2024-05-04",
        "value": 35763505.83193397
      },
      {
        "date": "2024-02-04",
        "value": 33975330.540337265
      },
      {
        "date": "2023-11-06",
        "value": 32276564.0133204
      }
    ],
    "eps_trend": [
      {
        "date": "2025-07-28",
        "value": 0.05601814267489622
      },
      {
        "date": "2025-04-29",
        "value": 0.05321723554115141
      },
      {
        "date": "2025-01-29",
        "value": 0.050556373764093845
      },
      {
        "date": "2024-10-31",
        "value": 0.04802855507588914
      },
      {
        "date": "2024-08-02",
        "value": 0.04562712732209469
      },
      {
        "date": "2024-05-04",
        "value": 0.043345770955989946
      },
      {
        "date": "2024-02-04",
        "value": 0.04117848240819045
      },
      {
        "date": "2023-11-06",
        "value": 0.03911955828778092
      }
    ],
    "earnings_dates": [
      "2025-07-28",
      "2025-04-29",
      "2025-01-29",
      "2024-10-31",
      "2024-08-02",
      "2024-05-04",
      "2024-02-04",
      "2023-11-06"
    ]
  },
  "analysis": {
    "avg_revenue_growth": 23.95585409388656,
    "avg_earnings_surprise": 2.770599166730152,
    "consistency_score": 72,
    "trend_direction": "growing"
  }
}