{
  "ticker": "PSX",
  "quarters": [
    {
      "date": "2025-07-28",
      "quarter": "Q3 2025",
      "revenue": 2233278526.7705445,
      "earnings": 53599833.203202546,
      "eps_actual": 0.01743751279743195,
      "eps_estimate": 0.016997837477243604,
      "surprise_percent": 2.5866544539973066,
      "price_on_date": 28.539380639593343,
      "revenue_growth": -17.51433985878975,
      "earnings_growth": -19.945300394903658
    },
    {
      "date": "2025-04-29",
      "quarter": "Q2 2025",
      "revenue": 2121614600.432017,
      "earnings": 50919841.543042414,
      "eps_actual": 0.01656563715756035,
      "eps_estimate": 0.016585909561773044,
      "surprise_percent": -0.12222666557531679,
      "price_on_date": 28.46037517640387,
      "revenue_growth": -15.082226591542938,
      "earnings_growth": -22.394311670999798
    },
    {
      "date": "2025-01-29",
      "quarter": "Q1 2025",
      "revenue": 2015533870.4104164,
      "earnings": 48373849.465890296,
      "eps_actual": 0.015737355299682336,
      "eps_estimate": 0.015301374129883957,
      "surprise_percent": 2.8492942274177637,
      "price_on_date": 29.23599053162848,
      "revenue_growth": -16.321442719442487,
      "earnings_growth": -21.99150735753684
    },
    {
      "date": "2024-10-31",
      "quarter": "Q4 2024",
      "revenue": 1914757176.8898954,
      "earnings": 45955156.99259578,
      "eps_actual": 0.014950487534698216,
      "eps_estimate": 0.015083294832238454,
      "surprise_percent": -0.8804926179416744,
      "price_on_date": 25.198420840359258,
      "revenue_growth": -20.430684046385213,
      "earnings_growth": -17.92276812020039
    },
    {
      "date": "2024-08-02",
      "quarter": "Q3 2024",
      "revenue": 1819019318.0454006,
      "earnings": 43657399.14296599,
      "eps_actual": 0.014202963157963306,
      "eps_estimate": 0.013540367716622691,
      "surprise_percent": 4.893481884743698,
      "price_on_date": 23.31647004830441,
      "revenue_growth": -21.300781890325077,
      "earnings_growth": -22.816143116438386
    },
    {
      "date": "2024-05-04",
      "quarter": "Q2 2024",
      "revenue": 1728068352.1431303,
      "earnings": 41474529.18581768,
      "eps_actual": 0.013492815000065139,
      "eps_estimate": 0.01326361111205753,
      "surprise_percent": 1.7280655024576763,
      "price_on_date": 24.371459673526132,
      "revenue_growth": -21.15504325751631,
      "earnings_growth": -22.667722852790106
    },
    {
      "date": "2024-02-04",
      "quarter": "Q1 2024",
      "revenue": 1641664934.5359738,
      "earnings": 39400802.7265268,
      "eps_actual": 0.01281817425006188,
      "eps_estimate": 0.012276860377469612,
      "surprise_percent": 4.409220728661896,
      "price_on_date": 20.752334097044574,
      "revenue_growth": -21.915109058683367,
      "earnings_growth": -23.885743349494195
    },
    {
      "date": "2023-11-06",
      "quarter": "Q4 2023",
      "revenue": 1559581687.809175,
      "earnings": 37430762.59020046,
      "eps_actual": 0.012177265537558789,
      "eps_estimate": 0.011891944614838801,
      "surprise_percent": 2.3992789401656256,
      "price_on_date": 20.103710347713253,
      "revenue_growth": -16.085641045121697,
      "earnings_growth": -13.508954625700257
    }
  ],
  "metrics": {
    "revenue_trend": [
      {
        "date": "2025-07-28",
        "value": 2233278526.7705445
      },
      {
        "date": "2025-04-29",
        "value": 2121614600.432017
      },
      {
        "date": "2025-01-29",
        "value": 2015533870.4104164
      },
      {
        "date": "2024-10-31",
        "value": 1914757176.8898954
      },
      {
        "date": "2024-08-02",
        "value": 1819019318.0454006
      },
      {
        "date": "2024-05-04",
        "value": 1728068352.1431303
      },
      {
        "date": "2024-02-04",
        "value": 1641664934.5359738
      },
      {
        "date": "2023-11-06",
        "value": 1559581687.809175
      }
    ],
    "eps_trend": [
      {
        "date": "2025-07-28",
        "value": 0.01743751279743195
      },
      {
        "date": "2025-04-29",
        "value": 0.01656563715756035
      },
      {
        "date": "2025-01-29",
        "value": 0.015737355299682336
      },
      {
        "date": "2024-10-31",
        "value": 0.014950487534698216
      },
      {
        "date": "2024-08-02",
        "value": 0.014202963157963306
      },
      {
        "date": "2024-05-04",
        "value": 0.013492815000065139
      },
      {
        "date": "2024-02-04",
        "value": 0.01281817425006188
      },
      {
        "date": "2023-11-06",
        "value": 0.012177265537558789
      }
    ],
    "earnings_dates": [
      "2025-07-28",
      "2025-04-29",
      "2025-01-29",
      "2024-10-31",
      "2024-08-02",
      "2024-05-04",
      "2024-02-04",
      "2023-11-06"
    ]
  },
  "analysis": {
    "avg_revenue_growth": -17.337173304040096,
    "avg_earnings_surprise": 1.10830734947452,
    "consistency_score": 88,
    "trend_direction": "declining"
  }
}