{
  "ticker": "PTC",
  "quarters": [
    {
      "date": "2025-07-28",
      "quarter": "Q3 2025",
      "revenue": 106380818.13120478,
      "earnings": 19588292.667390525,
      "eps_actual": 0.006461452993698768,
      "eps_estimate": 0.006468352149721438,
      "surprise_percent": -0.10666017964045202,
      "price_on_date": 0.5851196270899075,
      "revenue_growth": 43.616041596510144,
      "earnings_growth": 31.452964945260515
    },
    {
      "date": "2025-04-29",
      "quarter": "Q2 2025",
      "revenue": 101061777.22464454,
      "earnings": 18608878.034020998,
      "eps_actual": 0.006138380344013829,
      "eps_estimate": 0.005845725601633394,
      "surprise_percent": 5.006303106301516,
      "price_on_date": 0.5876723460723693,
      "revenue_growth": 43.37486590188637,
      "earnings_growth": 36.45354247866972
    },
    {
      "date": "2025-01-29",
      "quarter": "Q1 2025",
      "revenue": 96008688.36341232,
      "earnings": 17678434.13231995,
      "eps_actual": 0.005831461326813138,
      "eps_estimate": 0.005907138766225584,
      "surprise_percent": -1.2811183621609918,
      "price_on_date": 0.5324589464536348,
      "revenue_growth": 35.4584195008791,
      "earnings_growth": 33.82815436433023
    },
    {
      "date": "2024-10-31",
      "quarter": "Q4 2024",
      "revenue": 91208253.94524169,
      "earnings": 16794512.42570395,
      "eps_actual": 0.005539888260472481,
      "eps_estimate": 0.005546395767593875,
      "surprise_percent": -0.1173285750615805,
      "price_on_date": 0.4785426492809535,
      "revenue_growth": 45.575227573168085,
      "earnings_growth": 35.65388472965903
    },
    {
      "date": "2024-08-02",
      "quarter": "Q3 2024",
      "revenue": 86647841.2479796,
      "earnings": 15954786.80441875,
      "eps_actual": 0.005262893847448856,
      "eps_estimate": 0.00516306542345998,
      "surprise_percent": 1.9335107305686001,
      "price_on_date": 0.5408721339687925,
      "revenue_growth": 40.02200872632828,
      "earnings_growth": 41.773758472115446
    },
    {
      "date": "2024-05-04",
      "quarter": "Q2 2024",
      "revenue": 82315449.18558061,
      "earnings": 15157047.46419781,
      "eps_actual": 0.004999749155076412,
      "eps_estimate": 0.004822874510861074,
      "surprise_percent": 3.6674112879573695,
      "price_on_date": 0.4979474979911518,
      "revenue_growth": 34.14566830822241,
      "earnings_growth": 30.675089700672302
    },
    {
      "date": "2024-02-04",
      "quarter": "Q1 2024",
      "revenue": 78199676.72630158,
      "earnings": 14399195.09098792,
      "eps_actual": 0.004749761697322592,
      "eps_estimate": 0.004821332373083243,
      "surprise_percent": -1.484458448876486,
      "price_on_date": 0.49051549482727846,
      "revenue_growth": 33.927514339922666,
      "earnings_growth": 37.49056153131035
    },
    {
      "date": "2023-11-06",
      "quarter": "Q4 2023",
      "revenue": 74289692.8899865,
      "earnings": 13679235.336438524,
      "eps_actual": 0.004512273612456462,
      "eps_estimate": 0.004555681888122808,
      "surprise_percent": -0.9528381641289762,
      "price_on_date": 0.4315394099507928,
      "revenue_growth": 36.13504042364878,
      "earnings_growth": 32.992640949452344
    }
  ],
  "metrics": {
    "revenue_trend": [
      {
        "date": "2025-07-28",
        "value": 106380818.13120478
      },
      {
        "date": "2025-04-29",
        "value": 101061777.22464454
      },
      {
        "date": "2025-01-29",
        "value": 96008688.36341232
      },
      {
        "date": "2024-10-31",
        "value": 91208253.94524169
      },
      {
        "date": "2024-08-02",
        "value": 86647841.2479796
      },
      {
        "date": "2024-05-04",
        "value": 82315449.18558061
      },
      {
        "date": "2024-02-04",
        "value": 78199676.72630158
      },
      {
        "date": "2023-11-06",
        "value": 74289692.8899865
      }
    ],
    "eps_trend": [
      {
        "date": "2025-07-28",
        "value": 0.006461452993698768
      },
      {
        "date": "2025-04-29",
        "value": 0.006138380344013829
      },
      {
        "date": "2025-01-29",
        "value": 0.005831461326813138
      },
      {
        "date": "2024-10-31",
        "value": 0.005539888260472481
      },
      {
        "date": "2024-08-02",
        "value": 0.005262893847448856
      },
      {
        "date": "2024-05-04",
        "value": 0.004999749155076412
      },
      {
        "date": "2024-02-04",
        "value": 0.004749761697322592
      },
      {
        "date": "2023-11-06",
        "value": 0.004512273612456462
      }
    ],
    "earnings_dates": [
      "2025-07-28",
      "2025-04-29",
      "2025-01-29",
      "2024-10-31",
      "2024-08-02",
      "2024-05-04",
      "2024-02-04",
      "2023-11-06"
    ]
  },
  "analysis": {
    "avg_revenue_growth": 42.00613864311093,
    "avg_earnings_surprise": 0.8752989973596229,
    "consistency_score": 66,
    "trend_direction": "growing"
  }
}