{
  "ticker": "PWR",
  "quarters": [
    {
      "date": "2025-07-28",
      "quarter": "Q3 2025",
      "revenue": 41665543.414852984,
      "earnings": 4333878.301615427,
      "eps_actual": 0.0020803441854671634,
      "eps_estimate": 0.0020993343085189136,
      "surprise_percent": -0.9045783215512625,
      "price_on_date": 0.9547459437074431,
      "revenue_growth": -12.305149501764753,
      "earnings_growth": -13.149001027639232
    },
    {
      "date": "2025-04-29",
      "quarter": "Q2 2025",
      "revenue": 39582266.24411033,
      "earnings": 4117184.3865346555,
      "eps_actual": 0.001976326976193805,
      "eps_estimate": 0.0018778217538937718,
      "surprise_percent": 5.245717390150421,
      "price_on_date": 0.870096948427082,
      "revenue_growth": -10.862429806946897,
      "earnings_growth": -13.659987305680247
    },
    {
      "date": "2025-01-29",
      "quarter": "Q1 2025",
      "revenue": 37603152.931904815,
      "earnings": 3911325.167207923,
      "eps_actual": 0.001877510627384115,
      "eps_estimate": 0.0018866925120926126,
      "surprise_percent": -0.48666566754503393,
      "price_on_date": 0.817691668020236,
      "revenue_growth": -14.330015604998852,
      "earnings_growth": -8.475311685549999
    },
    {
      "date": "2024-10-31",
      "quarter": "Q4 2024",
      "revenue": 35722995.285309575,
      "earnings": 3715758.9088475266,
      "eps_actual": 0.0017836350960149091,
      "eps_estimate": 0.0017194131669896453,
      "surprise_percent": 3.7351074342244197,
      "price_on_date": 0.6999875640081269,
      "revenue_growth": -13.639294614005498,
      "earnings_growth": -9.457536368439271
    },
    {
      "date": "2024-08-02",
      "quarter": "Q3 2024",
      "revenue": 33936845.52104409,
      "earnings": 3529970.96340515,
      "eps_actual": 0.0016944533412141635,
      "eps_estimate": 0.0016746571155134063,
      "surprise_percent": 1.1821062065405679,
      "price_on_date": 0.695570274009082,
      "revenue_growth": -9.944620196274775,
      "earnings_growth": -13.6923480954964
    },
    {
      "date": "2024-05-04",
      "quarter": "Q2 2024",
      "revenue": 32240003.244991884,
      "earnings": 3353472.415234892,
      "eps_actual": 0.0016097306741534553,
      "eps_estimate": 0.001540081193206203,
      "surprise_percent": 4.522455131229359,
      "price_on_date": 0.6835911227582695,
      "revenue_growth": -12.96866722622779,
      "earnings_growth": -14.45584580395472
    },
    {
      "date": "2024-02-04",
      "quarter": "Q1 2024",
      "revenue": 30628003.08274229,
      "earnings": 3185798.7944731475,
      "eps_actual": 0.0015292441404457823,
      "eps_estimate": 0.001469856378555029,
      "surprise_percent": 4.040378553796911,
      "price_on_date": 0.7089366833742292,
      "revenue_growth": -13.544422555703974,
      "earnings_growth": -8.54715129471426
    },
    {
      "date": "2023-11-06",
      "quarter": "Q4 2023",
      "revenue": 29096602.928605173,
      "earnings": 3026508.85474949,
      "eps_actual": 0.0014527819334234932,
      "eps_estimate": 0.0014380053824766565,
      "surprise_percent": 1.0275727147409768,
      "price_on_date": 0.5620161406277985,
      "revenue_growth": -12.2547316882487,
      "earnings_growth": -8.867126112742916
    }
  ],
  "metrics": {
    "revenue_trend": [
      {
        "date": "2025-07-28",
        "value": 41665543.414852984
      },
      {
        "date": "2025-04-29",
        "value": 39582266.24411033
      },
      {
        "date": "2025-01-29",
        "value": 37603152.931904815
      },
      {
        "date": "2024-10-31",
        "value": 35722995.285309575
      },
      {
        "date": "2024-08-02",
        "value": 33936845.52104409
      },
      {
        "date": "2024-05-04",
        "value": 32240003.244991884
      },
      {
        "date": "2024-02-04",
        "value": 30628003.08274229
      },
      {
        "date": "2023-11-06",
        "value": 29096602.928605173
      }
    ],
    "eps_trend": [
      {
        "date": "2025-07-28",
        "value": 0.0020803441854671634
      },
      {
        "date": "2025-04-29",
        "value": 0.001976326976193805
      },
      {
        "date": "2025-01-29",
        "value": 0.001877510627384115
      },
      {
        "date": "2024-10-31",
        "value": 0.0017836350960149091
      },
      {
        "date": "2024-08-02",
        "value": 0.0016944533412141635
      },
      {
        "date": "2024-05-04",
        "value": 0.0016097306741534553
      },
      {
        "date": "2024-02-04",
        "value": 0.0015292441404457823
      },
      {
        "date": "2023-11-06",
        "value": 0.0014527819334234932
      }
    ],
    "earnings_dates": [
      "2025-07-28",
      "2025-04-29",
      "2025-01-29",
      "2024-10-31",
      "2024-08-02",
      "2024-05-04",
      "2024-02-04",
      "2023-11-06"
    ]
  },
  "analysis": {
    "avg_revenue_growth": -12.784222381929,
    "avg_earnings_surprise": 1.8973952088196362,
    "consistency_score": 91,
    "trend_direction": "declining"
  }
}