{
  "ticker": "PXD",
  "quarters": [
    {
      "date": "2025-07-28",
      "quarter": "Q3 2025",
      "revenue": 97972477.80762668,
      "earnings": 29703892.47778132,
      "eps_actual": 0.0364743210995305,
      "eps_estimate": 0.037059993131352754,
      "surprise_percent": -1.580334971316487,
      "price_on_date": 1.9091223387965053,
      "revenue_growth": 37.10977740414022,
      "earnings_growth": 41.63745321159327
    },
    {
      "date": "2025-04-29",
      "quarter": "Q2 2025",
      "revenue": 93073853.91724534,
      "earnings": 28218697.853892256,
      "eps_actual": 0.03465060504455398,
      "eps_estimate": 0.033010110432525636,
      "surprise_percent": 4.969673201734963,
      "price_on_date": 1.8899858379131107,
      "revenue_growth": 34.257064217737884,
      "earnings_growth": 35.74049967726404
    },
    {
      "date": "2025-01-29",
      "quarter": "Q1 2025",
      "revenue": 88420161.22138308,
      "earnings": 26807762.96119764,
      "eps_actual": 0.03291807479232627,
      "eps_estimate": 0.0332448511158138,
      "surprise_percent": -0.9829381468701761,
      "price_on_date": 1.692249677564188,
      "revenue_growth": 28.035318204749426,
      "earnings_growth": 38.574281857946694
    },
    {
      "date": "2024-10-31",
      "quarter": "Q4 2024",
      "revenue": 83999153.16031392,
      "earnings": 25467374.81313776,
      "eps_actual": 0.03127217105270996,
      "eps_estimate": 0.030456825794650883,
      "surprise_percent": 2.6770526369240955,
      "price_on_date": 1.6185199225984348,
      "revenue_growth": 31.36082434745222,
      "earnings_growth": 39.23263747881141
    },
    {
      "date": "2024-08-02",
      "quarter": "Q3 2024",
      "revenue": 79799195.50229822,
      "earnings": 24194006.07248087,
      "eps_actual": 0.029708562500074462,
      "eps_estimate": 0.028836151144857318,
      "surprise_percent": 3.0254084563318395,
      "price_on_date": 1.6373694689638136,
      "revenue_growth": 30.795327312874573,
      "earnings_growth": 32.4348931712887
    },
    {
      "date": "2024-05-04",
      "quarter": "Q2 2024",
      "revenue": 75809235.7271833,
      "earnings": 22984305.768856823,
      "eps_actual": 0.028223134375070735,
      "eps_estimate": 0.02864176491985209,
      "surprise_percent": -1.4616087589322935,
      "price_on_date": 1.4785950092796887,
      "revenue_growth": 37.72936853863831,
      "earnings_growth": 32.748115231473925
    },
    {
      "date": "2024-02-04",
      "quarter": "Q1 2024",
      "revenue": 72018773.94082414,
      "earnings": 21835090.48041398,
      "eps_actual": 0.026811977656317196,
      "eps_estimate": 0.026356125204751002,
      "surprise_percent": 1.7295882760642713,
      "price_on_date": 1.4368328163935418,
      "revenue_growth": 29.77814452899921,
      "earnings_growth": 27.400437716375563
    },
    {
      "date": "2023-11-06",
      "quarter": "Q4 2023",
      "revenue": 68417835.24378292,
      "earnings": 20743335.956393283,
      "eps_actual": 0.02547137877350134,
      "eps_estimate": 0.025320736058954307,
      "surprise_percent": 0.5949381336952071,
      "price_on_date": 1.3735992730080555,
      "revenue_growth": 26.744207302700453,
      "earnings_growth": 28.076899378370864
    }
  ],
  "metrics": {
    "revenue_trend": [
      {
        "date": "2025-07-28",
        "value": 97972477.80762668
      },
      {
        "date": "2025-04-29",
        "value": 93073853.91724534
      },
      {
        "date": "2025-01-29",
        "value": 88420161.22138308
      },
      {
        "date": "2024-10-31",
        "value": 83999153.16031392
      },
      {
        "date": "2024-08-02",
        "value": 79799195.50229822
      },
      {
        "date": "2024-05-04",
        "value": 75809235.7271833
      },
      {
        "date": "2024-02-04",
        "value": 72018773.94082414
      },
      {
        "date": "2023-11-06",
        "value": 68417835.24378292
      }
    ],
    "eps_trend": [
      {
        "date": "2025-07-28",
        "value": 0.0364743210995305
      },
      {
        "date": "2025-04-29",
        "value": 0.03465060504455398
      },
      {
        "date": "2025-01-29",
        "value": 0.03291807479232627
      },
      {
        "date": "2024-10-31",
        "value": 0.03127217105270996
      },
      {
        "date": "2024-08-02",
        "value": 0.029708562500074462
      },
      {
        "date": "2024-05-04",
        "value": 0.028223134375070735
      },
      {
        "date": "2024-02-04",
        "value": 0.026811977656317196
      },
      {
        "date": "2023-11-06",
        "value": 0.02547137877350134
      }
    ],
    "earnings_dates": [
      "2025-07-28",
      "2025-04-29",
      "2025-01-29",
      "2024-10-31",
      "2024-08-02",
      "2024-05-04",
      "2024-02-04",
      "2023-11-06"
    ]
  },
  "analysis": {
    "avg_revenue_growth": 32.69074604351994,
    "avg_earnings_surprise": 1.270863180118099,
    "consistency_score": 63,
    "trend_direction": "growing"
  }
}