{
  "ticker": "PYPL",
  "quarters": [
    {
      "date": "2025-07-28",
      "quarter": "Q3 2025",
      "revenue": 1440803832.6632695,
      "earnings": 94423533.43276052,
      "eps_actual": 0.03500462775749877,
      "eps_estimate": 0.035572470553529544,
      "surprise_percent": -1.596298449882146,
      "price_on_date": 12.523347857323522,
      "revenue_growth": 7.566740081977957,
      "earnings_growth": 9.226045389693857
    },
    {
      "date": "2025-04-29",
      "quarter": "Q2 2025",
      "revenue": 1368763641.030106,
      "earnings": 89702356.7611225,
      "eps_actual": 0.03325439636962383,
      "eps_estimate": 0.03366925640336139,
      "surprise_percent": -1.2321627444559176,
      "price_on_date": 13.390726992820735,
      "revenue_growth": 10.333447735153555,
      "earnings_growth": 9.426690684028644
    },
    {
      "date": "2025-01-29",
      "quarter": "Q1 2025",
      "revenue": 1300325458.9786007,
      "earnings": 85217238.92306638,
      "eps_actual": 0.031591676551142645,
      "eps_estimate": 0.03137523756561498,
      "surprise_percent": 0.689840148859518,
      "price_on_date": 10.940539105890272,
      "revenue_growth": 10.711947336547006,
      "earnings_growth": 8.527488662357484
    },
    {
      "date": "2024-10-31",
      "quarter": "Q4 2024",
      "revenue": 1235309186.0296705,
      "earnings": 80956376.97691303,
      "eps_actual": 0.0300120927235855,
      "eps_estimate": 0.02966606084523684,
      "surprise_percent": 1.1664234094100157,
      "price_on_date": 10.684861232557255,
      "revenue_growth": 8.458532683384592,
      "earnings_growth": 9.077374663205063
    },
    {
      "date": "2024-08-02",
      "quarter": "Q3 2024",
      "revenue": 1173543726.728187,
      "earnings": 76908558.1280674,
      "eps_actual": 0.028511488087406233,
      "eps_estimate": 0.027751554041524924,
      "surprise_percent": 2.7383477146692856,
      "price_on_date": 10.900101306318538,
      "revenue_growth": 8.214759708756706,
      "earnings_growth": 6.682989498827799
    },
    {
      "date": "2024-05-04",
      "quarter": "Q2 2024",
      "revenue": 1114866540.3917775,
      "earnings": 73063130.22166401,
      "eps_actual": 0.027085913683035912,
      "eps_estimate": 0.026145202611313843,
      "surprise_percent": 3.5980255563787242,
      "price_on_date": 9.81502349913866,
      "revenue_growth": 10.135000366030894,
      "earnings_growth": 10.828118752289994
    },
    {
      "date": "2024-02-04",
      "quarter": "Q1 2024",
      "revenue": 1059123213.3721887,
      "earnings": 69409973.71058081,
      "eps_actual": 0.02573161799888412,
      "eps_estimate": 0.02445805796859643,
      "surprise_percent": 5.207118373514815,
      "price_on_date": 10.382802937072043,
      "revenue_growth": 7.6203694873430114,
      "earnings_growth": 6.786658244152512
    },
    {
      "date": "2023-11-06",
      "quarter": "Q4 2023",
      "revenue": 1006167052.7035791,
      "earnings": 65939475.025051765,
      "eps_actual": 0.02444503709893991,
      "eps_estimate": 0.024066627040177656,
      "surprise_percent": 1.5723435532969527,
      "price_on_date": 8.746637366971981,
      "revenue_growth": 9.062374158482694,
      "earnings_growth": 11.4660680583621
    }
  ],
  "metrics": {
    "revenue_trend": [
      {
        "date": "2025-07-28",
        "value": 1440803832.6632695
      },
      {
        "date": "2025-04-29",
        "value": 1368763641.030106
      },
      {
        "date": "2025-01-29",
        "value": 1300325458.9786007
      },
      {
        "date": "2024-10-31",
        "value": 1235309186.0296705
      },
      {
        "date": "2024-08-02",
        "value": 1173543726.728187
      },
      {
        "date": "2024-05-04",
        "value": 1114866540.3917775
      },
      {
        "date": "2024-02-04",
        "value": 1059123213.3721887
      },
      {
        "date": "2023-11-06",
        "value": 1006167052.7035791
      }
    ],
    "eps_trend": [
      {
        "date": "2025-07-28",
        "value": 0.03500462775749877
      },
      {
        "date": "2025-04-29",
        "value": 0.03325439636962383
      },
      {
        "date": "2025-01-29",
        "value": 0.031591676551142645
      },
      {
        "date": "2024-10-31",
        "value": 0.0300120927235855
      },
      {
        "date": "2024-08-02",
        "value": 0.028511488087406233
      },
      {
        "date": "2024-05-04",
        "value": 0.027085913683035912
      },
      {
        "date": "2024-02-04",
        "value": 0.02573161799888412
      },
      {
        "date": "2023-11-06",
        "value": 0.02444503709893991
      }
    ],
    "earnings_dates": [
      "2025-07-28",
      "2025-04-29",
      "2025-01-29",
      "2024-10-31",
      "2024-08-02",
      "2024-05-04",
      "2024-02-04",
      "2023-11-06"
    ]
  },
  "analysis": {
    "avg_revenue_growth": 9.267666959265778,
    "avg_earnings_surprise": -0.24304940901713257,
    "consistency_score": 62,
    "trend_direction": "growing"
  }
}