{
  "ticker": "QCOM",
  "quarters": [
    {
      "date": "2025-07-28",
      "quarter": "Q3 2025",
      "revenue": 256766981.46910343,
      "earnings": 6309275.8948358735,
      "eps_actual": 0.005665996600955821,
      "eps_estimate": 0.005451162881543943,
      "surprise_percent": 3.941062193155942,
      "price_on_date": 82.7723472473866,
      "revenue_growth": 34.01917690537684,
      "earnings_growth": 32.51649218727964
    },
    {
      "date": "2025-04-29",
      "quarter": "Q2 2025",
      "revenue": 243928632.39564824,
      "earnings": 5993812.100094079,
      "eps_actual": 0.0053826967709080294,
      "eps_estimate": 0.005253802731353895,
      "surprise_percent": 2.453347530254882,
      "price_on_date": 70.20866685306261,
      "revenue_growth": 37.4102401068418,
      "earnings_growth": 32.13587064832311
    },
    {
      "date": "2025-01-29",
      "quarter": "Q1 2025",
      "revenue": 231732200.77586582,
      "earnings": 5694121.495089375,
      "eps_actual": 0.005113561932362629,
      "eps_estimate": 0.005190403244065499,
      "surprise_percent": -1.480449747150718,
      "price_on_date": 71.8675439805492,
      "revenue_growth": 38.17580279462617,
      "earnings_growth": 28.811122083925284
    },
    {
      "date": "2024-10-31",
      "quarter": "Q4 2024",
      "revenue": 220145590.73707253,
      "earnings": 5409415.420334906,
      "eps_actual": 0.0048578838357444965,
      "eps_estimate": 0.004785481433264486,
      "surprise_percent": 1.5129596361346649,
      "price_on_date": 72.01936455870785,
      "revenue_growth": 27.157554480668576,
      "earnings_growth": 37.97461379767308
    },
    {
      "date": "2024-08-02",
      "quarter": "Q3 2024",
      "revenue": 209138311.2002189,
      "earnings": 5138944.6493181605,
      "eps_actual": 0.004614989643957271,
      "eps_estimate": 0.004606855467585576,
      "surprise_percent": 0.1765667802892461,
      "price_on_date": 62.31404715083375,
      "revenue_growth": 29.269630659763074,
      "earnings_growth": 42.02821703283236
    },
    {
      "date": "2024-05-04",
      "quarter": "Q2 2024",
      "revenue": 198681395.64020792,
      "earnings": 4881997.416852252,
      "eps_actual": 0.004384240161759407,
      "eps_estimate": 0.0042486776779136455,
      "surprise_percent": 3.190698238900792,
      "price_on_date": 63.92280577412813,
      "revenue_growth": 36.48714027193953,
      "earnings_growth": 39.62352721984816
    },
    {
      "date": "2024-02-04",
      "quarter": "Q1 2024",
      "revenue": 188747325.85819754,
      "earnings": 4637897.54600964,
      "eps_actual": 0.004165028153671438,
      "eps_estimate": 0.004117172443711866,
      "surprise_percent": 1.1623440750620297,
      "price_on_date": 62.00437225558774,
      "revenue_growth": 32.00548560168109,
      "earnings_growth": 32.664117525249864
    },
    {
      "date": "2023-11-06",
      "quarter": "Q4 2023",
      "revenue": 179309959.56528762,
      "earnings": 4406002.668709157,
      "eps_actual": 0.003956776745987865,
      "eps_estimate": 0.004034885472797536,
      "surprise_percent": -1.9358350400839326,
      "price_on_date": 55.03713056063931,
      "revenue_growth": 27.305011653448975,
      "earnings_growth": 32.13358386708525
    }
  ],
  "metrics": {
    "revenue_trend": [
      {
        "date": "2025-07-28",
        "value": 256766981.46910343
      },
      {
        "date": "2025-04-29",
        "value": 243928632.39564824
      },
      {
        "date": "2025-01-29",
        "value": 231732200.77586582
      },
      {
        "date": "2024-10-31",
        "value": 220145590.73707253
      },
      {
        "date": "2024-08-02",
        "value": 209138311.2002189
      },
      {
        "date": "2024-05-04",
        "value": 198681395.64020792
      },
      {
        "date": "2024-02-04",
        "value": 188747325.85819754
      },
      {
        "date": "2023-11-06",
        "value": 179309959.56528762
      }
    ],
    "eps_trend": [
      {
        "date": "2025-07-28",
        "value": 0.005665996600955821
      },
      {
        "date": "2025-04-29",
        "value": 0.0053826967709080294
      },
      {
        "date": "2025-01-29",
        "value": 0.005113561932362629
      },
      {
        "date": "2024-10-31",
        "value": 0.0048578838357444965
      },
      {
        "date": "2024-08-02",
        "value": 0.004614989643957271
      },
      {
        "date": "2024-05-04",
        "value": 0.004384240161759407
      },
      {
        "date": "2024-02-04",
        "value": 0.004165028153671438
      },
      {
        "date": "2023-11-06",
        "value": 0.003956776745987865
      }
    ],
    "earnings_dates": [
      "2025-07-28",
      "2025-04-29",
      "2025-01-29",
      "2024-10-31",
      "2024-08-02",
      "2024-05-04",
      "2024-02-04",
      "2023-11-06"
    ]
  },
  "analysis": {
    "avg_revenue_growth": 34.19069357187835,
    "avg_earnings_surprise": 1.6067299030986928,
    "consistency_score": 89,
    "trend_direction": "growing"
  }
}