{
  "ticker": "RCL",
  "quarters": [
    {
      "date": "2025-07-28",
      "quarter": "Q3 2025",
      "revenue": 113947365.96155514,
      "earnings": 3706583.063288507,
      "eps_actual": 0.0014686382616504168,
      "eps_estimate": 0.0014074962246577527,
      "surprise_percent": 4.3440284898477355,
      "price_on_date": 0.33335167854064723,
      "revenue_growth": 41.773433294157584,
      "earnings_growth": 34.70188778008021
    },
    {
      "date": "2025-04-29",
      "quarter": "Q2 2025",
      "revenue": 108249997.66347738,
      "earnings": 3521253.9101240817,
      "eps_actual": 0.001395206348567896,
      "eps_estimate": 0.0014138184608485864,
      "surprise_percent": -1.3164428670367705,
      "price_on_date": 0.319530021238196,
      "revenue_growth": 32.641758546278936,
      "earnings_growth": 34.16060304739517
    },
    {
      "date": "2025-01-29",
      "quarter": "Q1 2025",
      "revenue": 102837497.78030351,
      "earnings": 3345191.2146178773,
      "eps_actual": 0.001325446031139501,
      "eps_estimate": 0.0013252743190476238,
      "surprise_percent": 0.012956720688634201,
      "price_on_date": 0.273710737244198,
      "revenue_growth": 31.867755811174742,
      "earnings_growth": 32.82455757881604
    },
    {
      "date": "2024-10-31",
      "quarter": "Q4 2024",
      "revenue": 97695622.89128833,
      "earnings": 3177931.653886983,
      "eps_actual": 0.0012591737295825258,
      "eps_estimate": 0.0012491215080586147,
      "surprise_percent": 0.8047432903092302,
      "price_on_date": 0.2983322806848677,
      "revenue_growth": 30.76994264411538,
      "earnings_growth": 37.20152935987424
    },
    {
      "date": "2024-08-02",
      "quarter": "Q3 2024",
      "revenue": 92810841.7467239,
      "earnings": 3019035.0711926343,
      "eps_actual": 0.0011962150431033998,
      "eps_estimate": 0.0011955954113927639,
      "surprise_percent": 0.05182620347414359,
      "price_on_date": 0.25341475913672395,
      "revenue_growth": 37.07760308713631,
      "earnings_growth": 27.876527178374563
    },
    {
      "date": "2024-05-04",
      "quarter": "Q2 2024",
      "revenue": 88170299.6593877,
      "earnings": 2868083.3176330016,
      "eps_actual": 0.0011364042909482294,
      "eps_estimate": 0.0010888082968882606,
      "surprise_percent": 4.371384218507046,
      "price_on_date": 0.24178661664442233,
      "revenue_growth": 34.65363552546402,
      "earnings_growth": 39.561031930867074
    },
    {
      "date": "2024-02-04",
      "quarter": "Q1 2024",
      "revenue": 83761784.67641832,
      "earnings": 2724679.151751352,
      "eps_actual": 0.0010795840764008181,
      "eps_estimate": 0.0010793308322778476,
      "surprise_percent": 0.023463067615334916,
      "price_on_date": 0.25648751107501744,
      "revenue_growth": 33.282297576535996,
      "earnings_growth": 46.84504422960957
    },
    {
      "date": "2023-11-06",
      "quarter": "Q4 2023",
      "revenue": 79573695.44259739,
      "earnings": 2588445.194163784,
      "eps_actual": 0.001025604872580777,
      "eps_estimate": 0.0009891979641518845,
      "surprise_percent": 3.6804471651038013,
      "price_on_date": 0.2346907689867312,
      "revenue_growth": 36.93059669498652,
      "earnings_growth": 37.193428043098
    }
  ],
  "metrics": {
    "revenue_trend": [
      {
        "date": "2025-07-28",
        "value": 113947365.96155514
      },
      {
        "date": "2025-04-29",
        "value": 108249997.66347738
      },
      {
        "date": "2025-01-29",
        "value": 102837497.78030351
      },
      {
        "date": "2024-10-31",
        "value": 97695622.89128833
      },
      {
        "date": "2024-08-02",
        "value": 92810841.7467239
      },
      {
        "date": "2024-05-04",
        "value": 88170299.6593877
      },
      {
        "date": "2024-02-04",
        "value": 83761784.67641832
      },
      {
        "date": "2023-11-06",
        "value": 79573695.44259739
      }
    ],
    "eps_trend": [
      {
        "date": "2025-07-28",
        "value": 0.0014686382616504168
      },
      {
        "date": "2025-04-29",
        "value": 0.001395206348567896
      },
      {
        "date": "2025-01-29",
        "value": 0.001325446031139501
      },
      {
        "date": "2024-10-31",
        "value": 0.0012591737295825258
      },
      {
        "date": "2024-08-02",
        "value": 0.0011962150431033998
      },
      {
        "date": "2024-05-04",
        "value": 0.0011364042909482294
      },
      {
        "date": "2024-02-04",
        "value": 0.0010795840764008181
      },
      {
        "date": "2023-11-06",
        "value": 0.001025604872580777
      }
    ],
    "earnings_dates": [
      "2025-07-28",
      "2025-04-29",
      "2025-01-29",
      "2024-10-31",
      "2024-08-02",
      "2024-05-04",
      "2024-02-04",
      "2023-11-06"
    ]
  },
  "analysis": {
    "avg_revenue_growth": 34.263222573931664,
    "avg_earnings_surprise": 0.9613214084522073,
    "consistency_score": 82,
    "trend_direction": "growing"
  }
}