{
  "ticker": "REG",
  "quarters": [
    {
      "date": "2025-07-28",
      "quarter": "Q3 2025",
      "revenue": 107230497.42795143,
      "earnings": 23470828.66201785,
      "eps_actual": 0.006549267344815811,
      "eps_estimate": 0.006562331457104924,
      "surprise_percent": -0.1990773001105861,
      "price_on_date": 0.5101033676982341,
      "revenue_growth": -10.04395128728006,
      "earnings_growth": -8.389241487413576
    },
    {
      "date": "2025-04-29",
      "quarter": "Q2 2025",
      "revenue": 101868972.55655386,
      "earnings": 22297287.228916958,
      "eps_actual": 0.0062218039775750215,
      "eps_estimate": 0.006086148973817914,
      "surprise_percent": 2.2289136256881603,
      "price_on_date": 0.4487108263900091,
      "revenue_growth": -8.728743424922074,
      "earnings_growth": -11.053666214777556
    },
    {
      "date": "2025-01-29",
      "quarter": "Q1 2025",
      "revenue": 96775523.92872615,
      "earnings": 21182422.867471106,
      "eps_actual": 0.0059107137786962695,
      "eps_estimate": 0.005831395382320275,
      "surprise_percent": 1.3601958223665216,
      "price_on_date": 0.4711661430030054,
      "revenue_growth": -7.426299108083604,
      "earnings_growth": -7.172584910677013
    },
    {
      "date": "2024-10-31",
      "quarter": "Q4 2024",
      "revenue": 91936747.73228984,
      "earnings": 20123301.72409755,
      "eps_actual": 0.005615178089761455,
      "eps_estimate": 0.005346833526078878,
      "surprise_percent": 5.018756659876205,
      "price_on_date": 0.45712865523838425,
      "revenue_growth": -8.334613786483871,
      "earnings_growth": -9.12620038870778
    },
    {
      "date": "2024-08-02",
      "quarter": "Q3 2024",
      "revenue": 87339910.34567535,
      "earnings": 19117136.637892675,
      "eps_actual": 0.005334419185273383,
      "eps_estimate": 0.005354965645956115,
      "surprise_percent": -0.383689869201071,
      "price_on_date": 0.43317871451516865,
      "revenue_growth": -10.121750754335674,
      "earnings_growth": -9.93357820852032
    },
    {
      "date": "2024-05-04",
      "quarter": "Q2 2024",
      "revenue": 82972914.82839157,
      "earnings": 18161279.80599804,
      "eps_actual": 0.005067698226009713,
      "eps_estimate": 0.005077082803392872,
      "surprise_percent": -0.1848419209725612,
      "price_on_date": 0.39776573344115523,
      "revenue_growth": -10.004178441895428,
      "earnings_growth": -11.118771360129903
    },
    {
      "date": "2024-02-04",
      "quarter": "Q1 2024",
      "revenue": 78824269.086972,
      "earnings": 17253215.815698136,
      "eps_actual": 0.004814313314709228,
      "eps_estimate": 0.004822836904946303,
      "surprise_percent": -0.17673395151168036,
      "price_on_date": 0.3887526016404209,
      "revenue_growth": -9.966775438898594,
      "earnings_growth": -8.743351301512847
    },
    {
      "date": "2023-11-06",
      "quarter": "Q4 2023",
      "revenue": 74883055.63262339,
      "earnings": 16390555.024913229,
      "eps_actual": 0.004573597648973767,
      "eps_estimate": 0.0044947326033876675,
      "surprise_percent": 1.7546103972160383,
      "price_on_date": 0.33606726215673943,
      "revenue_growth": -9.742695485876174,
      "earnings_growth": -11.332530497678494
    }
  ],
  "metrics": {
    "revenue_trend": [
      {
        "date": "2025-07-28",
        "value": 107230497.42795143
      },
      {
        "date": "2025-04-29",
        "value": 101868972.55655386
      },
      {
        "date": "2025-01-29",
        "value": 96775523.92872615
      },
      {
        "date": "2024-10-31",
        "value": 91936747.73228984
      },
      {
        "date": "2024-08-02",
        "value": 87339910.34567535
      },
      {
        "date": "2024-05-04",
        "value": 82972914.82839157
      },
      {
        "date": "2024-02-04",
        "value": 78824269.086972
      },
      {
        "date": "2023-11-06",
        "value": 74883055.63262339
      }
    ],
    "eps_trend": [
      {
        "date": "2025-07-28",
        "value": 0.006549267344815811
      },
      {
        "date": "2025-04-29",
        "value": 0.0062218039775750215
      },
      {
        "date": "2025-01-29",
        "value": 0.0059107137786962695
      },
      {
        "date": "2024-10-31",
        "value": 0.005615178089761455
      },
      {
        "date": "2024-08-02",
        "value": 0.005334419185273383
      },
      {
        "date": "2024-05-04",
        "value": 0.005067698226009713
      },
      {
        "date": "2024-02-04",
        "value": 0.004814313314709228
      },
      {
        "date": "2023-11-06",
        "value": 0.004573597648973767
      }
    ],
    "earnings_dates": [
      "2025-07-28",
      "2025-04-29",
      "2025-01-29",
      "2024-10-31",
      "2024-08-02",
      "2024-05-04",
      "2024-02-04",
      "2023-11-06"
    ]
  },
  "analysis": {
    "avg_revenue_growth": -8.633401901692402,
    "avg_earnings_surprise": 2.102197201955075,
    "consistency_score": 70,
    "trend_direction": "declining"
  }
}