{
  "ticker": "REGN",
  "quarters": [
    {
      "date": "2025-07-28",
      "quarter": "Q3 2025",
      "revenue": 712021238.0241823,
      "earnings": 134448850.70504156,
      "eps_actual": 0.02879417031478835,
      "eps_estimate": 0.028904325456170294,
      "surprise_percent": -0.38110261922209937,
      "price_on_date": 15.51771361882996,
      "revenue_growth": 43.976055113489465,
      "earnings_growth": 53.04909324334626
    },
    {
      "date": "2025-04-29",
      "quarter": "Q2 2025",
      "revenue": 676420176.1229732,
      "earnings": 127726408.16978948,
      "eps_actual": 0.02735446179904893,
      "eps_estimate": 0.027440988787298476,
      "surprise_percent": -0.31532022741686017,
      "price_on_date": 14.850812944114672,
      "revenue_growth": 49.85547600471251,
      "earnings_growth": 51.24195800783631
    },
    {
      "date": "2025-01-29",
      "quarter": "Q1 2025",
      "revenue": 642599167.3168246,
      "earnings": 121340087.7613,
      "eps_actual": 0.02598673870909648,
      "eps_estimate": 0.024990568552486058,
      "surprise_percent": 3.9861844460170346,
      "price_on_date": 12.436116296108482,
      "revenue_growth": 37.15455775071449,
      "earnings_growth": 41.58543976586937
    },
    {
      "date": "2024-10-31",
      "quarter": "Q4 2024",
      "revenue": 610469208.9509833,
      "earnings": 115273083.37323499,
      "eps_actual": 0.024687401773641655,
      "eps_estimate": 0.024546811001760576,
      "surprise_percent": 0.5727455671166236,
      "price_on_date": 13.019062042218554,
      "revenue_growth": 51.139602848173695,
      "earnings_growth": 51.9978688789704
    },
    {
      "date": "2024-08-02",
      "quarter": "Q3 2024",
      "revenue": 579945748.5034341,
      "earnings": 109509429.20457323,
      "eps_actual": 0.02345303168495957,
      "eps_estimate": 0.02298854678642384,
      "surprise_percent": 2.0205057016045775,
      "price_on_date": 12.549209346282208,
      "revenue_growth": 37.8124179183303,
      "earnings_growth": 50.85490335822226
    },
    {
      "date": "2024-05-04",
      "quarter": "Q2 2024",
      "revenue": 550948461.0782623,
      "earnings": 104033957.74434456,
      "eps_actual": 0.02228038010071159,
      "eps_estimate": 0.021555277100099517,
      "surprise_percent": 3.363923355031824,
      "price_on_date": 11.886714082723524,
      "revenue_growth": 51.22669782806496,
      "earnings_growth": 54.8550635162309
    },
    {
      "date": "2024-02-04",
      "quarter": "Q1 2024",
      "revenue": 523401038.02434915,
      "earnings": 98832259.85712732,
      "eps_actual": 0.02116636109567601,
      "eps_estimate": 0.02040139516705571,
      "surprise_percent": 3.749576547860673,
      "price_on_date": 11.147469700128461,
      "revenue_growth": 49.8390663641678,
      "earnings_growth": 35.47635809277008
    },
    {
      "date": "2023-11-06",
      "quarter": "Q4 2023",
      "revenue": 497230986.12313163,
      "earnings": 93890646.86427094,
      "eps_actual": 0.020108043040892205,
      "eps_estimate": 0.019364342071346623,
      "surprise_percent": 3.8405692628516173,
      "price_on_date": 9.820385004363336,
      "revenue_growth": 42.24856076234541,
      "earnings_growth": 47.44285264132812
    }
  ],
  "metrics": {
    "revenue_trend": [
      {
        "date": "2025-07-28",
        "value": 712021238.0241823
      },
      {
        "date": "2025-04-29",
        "value": 676420176.1229732
      },
      {
        "date": "2025-01-29",
        "value": 642599167.3168246
      },
      {
        "date": "2024-10-31",
        "value": 610469208.9509833
      },
      {
        "date": "2024-08-02",
        "value": 579945748.5034341
      },
      {
        "date": "2024-05-04",
        "value": 550948461.0782623
      },
      {
        "date": "2024-02-04",
        "value": 523401038.02434915
      },
      {
        "date": "2023-11-06",
        "value": 497230986.12313163
      }
    ],
    "eps_trend": [
      {
        "date": "2025-07-28",
        "value": 0.02879417031478835
      },
      {
        "date": "2025-04-29",
        "value": 0.02735446179904893
      },
      {
        "date": "2025-01-29",
        "value": 0.02598673870909648
      },
      {
        "date": "2024-10-31",
        "value": 0.024687401773641655
      },
      {
        "date": "2024-08-02",
        "value": 0.02345303168495957
      },
      {
        "date": "2024-05-04",
        "value": 0.02228038010071159
      },
      {
        "date": "2024-02-04",
        "value": 0.02116636109567601
      },
      {
        "date": "2023-11-06",
        "value": 0.020108043040892205
      }
    ],
    "earnings_dates": [
      "2025-07-28",
      "2025-04-29",
      "2025-01-29",
      "2024-10-31",
      "2024-08-02",
      "2024-05-04",
      "2024-02-04",
      "2023-11-06"
    ]
  },
  "analysis": {
    "avg_revenue_growth": 45.53142292927254,
    "avg_earnings_surprise": 0.9656267916236747,
    "consistency_score": 71,
    "trend_direction": "growing"
  }
}