{
  "ticker": "RF",
  "quarters": [
    {
      "date": "2025-07-28",
      "quarter": "Q3 2025",
      "revenue": 122360054.14489244,
      "earnings": 12103994.524158277,
      "eps_actual": 0.0060354926557497374,
      "eps_estimate": 0.006007614367472067,
      "surprise_percent": 0.4640492310660928,
      "price_on_date": 0.926677806027293,
      "revenue_growth": 46.68835236981329,
      "earnings_growth": 35.63929108424015
    },
    {
      "date": "2025-04-29",
      "quarter": "Q2 2025",
      "revenue": 116242051.4376478,
      "earnings": 11498794.79795036,
      "eps_actual": 0.00573371802296225,
      "eps_estimate": 0.0056624725303746825,
      "surprise_percent": 1.258204648329711,
      "price_on_date": 1.0325652177445914,
      "revenue_growth": 43.967551654014564,
      "earnings_growth": 40.727707777657464
    },
    {
      "date": "2025-01-29",
      "quarter": "Q1 2025",
      "revenue": 110429948.86576542,
      "earnings": 10923855.058052843,
      "eps_actual": 0.005447032121814138,
      "eps_estimate": 0.005384225109017534,
      "surprise_percent": 1.1665004996060486,
      "price_on_date": 0.9699953425506684,
      "revenue_growth": 51.00283456335778,
      "earnings_growth": 34.53568652659424
    },
    {
      "date": "2024-10-31",
      "quarter": "Q4 2024",
      "revenue": 104908451.42247714,
      "earnings": 10377662.3051502,
      "eps_actual": 0.00517468051572343,
      "eps_estimate": 0.005085755906100061,
      "surprise_percent": 1.7485032955810786,
      "price_on_date": 0.7866927459784078,
      "revenue_growth": 37.75551410578109,
      "earnings_growth": 30.506573076731563
    },
    {
      "date": "2024-08-02",
      "quarter": "Q3 2024",
      "revenue": 99663028.85135329,
      "earnings": 9858779.18989269,
      "eps_actual": 0.004915946489937259,
      "eps_estimate": 0.004965783896615392,
      "surprise_percent": -1.0036161000099322,
      "price_on_date": 0.8479646548046418,
      "revenue_growth": 38.38240472546854,
      "earnings_growth": 47.40722755344197
    },
    {
      "date": "2024-05-04",
      "quarter": "Q2 2024",
      "revenue": 94679877.4087856,
      "earnings": 9365840.230398053,
      "eps_actual": 0.004670149165440394,
      "eps_estimate": 0.004629494252477601,
      "surprise_percent": 0.8781717990261173,
      "price_on_date": 0.697823220074014,
      "revenue_growth": 37.94429778460025,
      "earnings_growth": 54.08908476933059
    },
    {
      "date": "2024-02-04",
      "quarter": "Q1 2024",
      "revenue": 89945883.53834632,
      "earnings": 8897548.218878152,
      "eps_actual": 0.004436641707168375,
      "eps_estimate": 0.004379425716603996,
      "surprise_percent": 1.3064724524828077,
      "price_on_date": 0.6797801619335662,
      "revenue_growth": 38.53848852366023,
      "earnings_growth": 37.91756193240929
    },
    {
      "date": "2023-11-06",
      "quarter": "Q4 2023",
      "revenue": 85448589.361429,
      "earnings": 8452670.807934243,
      "eps_actual": 0.004214809621809956,
      "eps_estimate": 0.004103102711933324,
      "surprise_percent": 2.722498502212665,
      "price_on_date": 0.702182113762227,
      "revenue_growth": 36.18107306226234,
      "earnings_growth": 52.497513991565334
    }
  ],
  "metrics": {
    "revenue_trend": [
      {
        "date": "2025-07-28",
        "value": 122360054.14489244
      },
      {
        "date": "2025-04-29",
        "value": 116242051.4376478
      },
      {
        "date": "2025-01-29",
        "value": 110429948.86576542
      },
      {
        "date": "2024-10-31",
        "value": 104908451.42247714
      },
      {
        "date": "2024-08-02",
        "value": 99663028.85135329
      },
      {
        "date": "2024-05-04",
        "value": 94679877.4087856
      },
      {
        "date": "2024-02-04",
        "value": 89945883.53834632
      },
      {
        "date": "2023-11-06",
        "value": 85448589.361429
      }
    ],
    "eps_trend": [
      {
        "date": "2025-07-28",
        "value": 0.0060354926557497374
      },
      {
        "date": "2025-04-29",
        "value": 0.00573371802296225
      },
      {
        "date": "2025-01-29",
        "value": 0.005447032121814138
      },
      {
        "date": "2024-10-31",
        "value": 0.00517468051572343
      },
      {
        "date": "2024-08-02",
        "value": 0.004915946489937259
      },
      {
        "date": "2024-05-04",
        "value": 0.004670149165440394
      },
      {
        "date": "2024-02-04",
        "value": 0.004436641707168375
      },
      {
        "date": "2023-11-06",
        "value": 0.004214809621809956
      }
    ],
    "earnings_dates": [
      "2025-07-28",
      "2025-04-29",
      "2025-01-29",
      "2024-10-31",
      "2024-08-02",
      "2024-05-04",
      "2024-02-04",
      "2023-11-06"
    ]
  },
  "analysis": {
    "avg_revenue_growth": 44.853563173241675,
    "avg_earnings_surprise": 1.159314418645733,
    "consistency_score": 72,
    "trend_direction": "growing"
  }
}