{
  "ticker": "RIVN",
  "quarters": [
    {
      "date": "2025-07-28",
      "quarter": "Q3 2025",
      "revenue": 1412876041.7172797,
      "earnings": 49237697.80293283,
      "eps_actual": 0.011116085919781613,
      "eps_estimate": 0.011065891751252709,
      "surprise_percent": 0.4535935255576859,
      "price_on_date": 2.615578175105966,
      "revenue_growth": 41.77849127605867,
      "earnings_growth": 42.63402608828755
    },
    {
      "date": "2025-04-29",
      "quarter": "Q2 2025",
      "revenue": 1342232239.6314156,
      "earnings": 46775812.912786186,
      "eps_actual": 0.010560281623792531,
      "eps_estimate": 0.010338517575407453,
      "surprise_percent": 2.1450275319219374,
      "price_on_date": 2.405748840225853,
      "revenue_growth": 37.70211102254156,
      "earnings_growth": 41.50494688014467
    },
    {
      "date": "2025-01-29",
      "quarter": "Q1 2025",
      "revenue": 1275120627.649845,
      "earnings": 44437022.26714688,
      "eps_actual": 0.010032267542602905,
      "eps_estimate": 0.009976567281287166,
      "surprise_percent": 0.5583108873551574,
      "price_on_date": 2.7565407747830775,
      "revenue_growth": 48.06443191627837,
      "earnings_growth": 50.80150950180332
    },
    {
      "date": "2024-10-31",
      "quarter": "Q4 2024",
      "revenue": 1211364596.2673526,
      "earnings": 42215171.153789535,
      "eps_actual": 0.00953065416547276,
      "eps_estimate": 0.009517375393645838,
      "surprise_percent": 0.139521362536435,
      "price_on_date": 2.2595320627816906,
      "revenue_growth": 45.52145002916684,
      "earnings_growth": 49.07548444319458
    },
    {
      "date": "2024-08-02",
      "quarter": "Q3 2024",
      "revenue": 1150796366.4539847,
      "earnings": 40104412.59610005,
      "eps_actual": 0.009054121457199119,
      "eps_estimate": 0.009177242033666964,
      "surprise_percent": -1.3415858055848762,
      "price_on_date": 2.434982476615335,
      "revenue_growth": 37.722036860952244,
      "earnings_growth": 52.190843246333614
    },
    {
      "date": "2024-05-04",
      "quarter": "Q2 2024",
      "revenue": 1093256548.1312854,
      "earnings": 38099191.96629505,
      "eps_actual": 0.008601415384339164,
      "eps_estimate": 0.00862495468842853,
      "surprise_percent": -0.2729209014969899,
      "price_on_date": 1.984123595655004,
      "revenue_growth": 40.1819081623822,
      "earnings_growth": 56.49473592414391
    },
    {
      "date": "2024-02-04",
      "quarter": "Q1 2024",
      "revenue": 1038593720.7247212,
      "earnings": 36194232.367980294,
      "eps_actual": 0.008171344615122205,
      "eps_estimate": 0.00807589097618027,
      "surprise_percent": 1.1819579935325257,
      "price_on_date": 2.235614253906682,
      "revenue_growth": 52.26516829835936,
      "earnings_growth": 53.43689484037119
    },
    {
      "date": "2023-11-06",
      "quarter": "Q4 2023",
      "revenue": 986664034.688485,
      "earnings": 34384520.74958128,
      "eps_actual": 0.007762777384366095,
      "eps_estimate": 0.007419316002130797,
      "surprise_percent": 4.629286340366918,
      "price_on_date": 2.0411635085328905,
      "revenue_growth": 48.54206598832917,
      "earnings_growth": 56.84422816165264
    }
  ],
  "metrics": {
    "revenue_trend": [
      {
        "date": "2025-07-28",
        "value": 1412876041.7172797
      },
      {
        "date": "2025-04-29",
        "value": 1342232239.6314156
      },
      {
        "date": "2025-01-29",
        "value": 1275120627.649845
      },
      {
        "date": "2024-10-31",
        "value": 1211364596.2673526
      },
      {
        "date": "2024-08-02",
        "value": 1150796366.4539847
      },
      {
        "date": "2024-05-04",
        "value": 1093256548.1312854
      },
      {
        "date": "2024-02-04",
        "value": 1038593720.7247212
      },
      {
        "date": "2023-11-06",
        "value": 986664034.688485
      }
    ],
    "eps_trend": [
      {
        "date": "2025-07-28",
        "value": 0.011116085919781613
      },
      {
        "date": "2025-04-29",
        "value": 0.010560281623792531
      },
      {
        "date": "2025-01-29",
        "value": 0.010032267542602905
      },
      {
        "date": "2024-10-31",
        "value": 0.00953065416547276
      },
      {
        "date": "2024-08-02",
        "value": 0.009054121457199119
      },
      {
        "date": "2024-05-04",
        "value": 0.008601415384339164
      },
      {
        "date": "2024-02-04",
        "value": 0.008171344615122205
      },
      {
        "date": "2023-11-06",
        "value": 0.007762777384366095
      }
    ],
    "earnings_dates": [
      "2025-07-28",
      "2025-04-29",
      "2025-01-29",
      "2024-10-31",
      "2024-08-02",
      "2024-05-04",
      "2024-02-04",
      "2023-11-06"
    ]
  },
  "analysis": {
    "avg_revenue_growth": 43.266621061011364,
    "avg_earnings_surprise": 0.8241133268428039,
    "consistency_score": 63,
    "trend_direction": "growing"
  }
}