{
  "ticker": "RJF",
  "quarters": [
    {
      "date": "2025-07-28",
      "quarter": "Q3 2025",
      "revenue": 18378076.033926904,
      "earnings": 1389168.2279500433,
      "eps_actual": 0.0012229821218019625,
      "eps_estimate": 0.0011661421624845866,
      "surprise_percent": 4.874187825974192,
      "price_on_date": 1.3476812848374562,
      "revenue_growth": 13.995032164823565,
      "earnings_growth": 9.56979311357457
    },
    {
      "date": "2025-04-29",
      "quarter": "Q2 2025",
      "revenue": 17459172.23223056,
      "earnings": 1319709.816552541,
      "eps_actual": 0.0011618330157118642,
      "eps_estimate": 0.0011105712998825182,
      "surprise_percent": 4.615796917745736,
      "price_on_date": 1.2357183591029224,
      "revenue_growth": 12.14117296845249,
      "earnings_growth": 9.269615400553532
    },
    {
      "date": "2025-01-29",
      "quarter": "Q1 2025",
      "revenue": 16586213.62061903,
      "earnings": 1253724.325724914,
      "eps_actual": 0.001103741364926271,
      "eps_estimate": 0.0011122536915819533,
      "surprise_percent": -0.7653224008252375,
      "price_on_date": 1.1591706683156706,
      "revenue_growth": 13.721816586484195,
      "earnings_growth": 14.055691299053406
    },
    {
      "date": "2024-10-31",
      "quarter": "Q4 2024",
      "revenue": 15756902.939588077,
      "earnings": 1191038.1094386682,
      "eps_actual": 0.0010485542966799574,
      "eps_estimate": 0.0009991037852244875,
      "surprise_percent": 4.949486948881786,
      "price_on_date": 1.183479624090507,
      "revenue_growth": 12.483742757152562,
      "earnings_growth": 8.484054073952363
    },
    {
      "date": "2024-08-02",
      "quarter": "Q3 2024",
      "revenue": 14969057.792608673,
      "earnings": 1131486.2039667347,
      "eps_actual": 0.0009961265818459594,
      "eps_estimate": 0.0009757997207404791,
      "surprise_percent": 2.0830976555368763,
      "price_on_date": 1.0533081037870855,
      "revenue_growth": 10.20435637946074,
      "earnings_growth": 14.488567821585455
    },
    {
      "date": "2024-05-04",
      "quarter": "Q2 2024",
      "revenue": 14220604.902978238,
      "earnings": 1074911.8937683979,
      "eps_actual": 0.0009463202527536614,
      "eps_estimate": 0.0009041065717646442,
      "surprise_percent": 4.6691045400349305,
      "price_on_date": 0.9965423625205553,
      "revenue_growth": 11.351842578490569,
      "earnings_growth": 13.471235672688668
    },
    {
      "date": "2024-02-04",
      "quarter": "Q1 2024",
      "revenue": 13509574.657829326,
      "earnings": 1021166.2990799779,
      "eps_actual": 0.0008990042401159782,
      "eps_estimate": 0.0008593591593133487,
      "surprise_percent": 4.613330802723624,
      "price_on_date": 0.9108093917202602,
      "revenue_growth": 9.462812717077293,
      "earnings_growth": 15.0853476414281
    },
    {
      "date": "2023-11-06",
      "quarter": "Q4 2023",
      "revenue": 12834095.924937857,
      "earnings": 970107.9841259789,
      "eps_actual": 0.0008540540281101793,
      "eps_estimate": 0.0008640351228620162,
      "surprise_percent": -1.155172340538165,
      "price_on_date": 0.972826460345241,
      "revenue_growth": 10.475977337950136,
      "earnings_growth": 14.437080521583981
    }
  ],
  "metrics": {
    "revenue_trend": [
      {
        "date": "2025-07-28",
        "value": 18378076.033926904
      },
      {
        "date": "2025-04-29",
        "value": 17459172.23223056
      },
      {
        "date": "2025-01-29",
        "value": 16586213.62061903
      },
      {
        "date": "2024-10-31",
        "value": 15756902.939588077
      },
      {
        "date": "2024-08-02",
        "value": 14969057.792608673
      },
      {
        "date": "2024-05-04",
        "value": 14220604.902978238
      },
      {
        "date": "2024-02-04",
        "value": 13509574.657829326
      },
      {
        "date": "2023-11-06",
        "value": 12834095.924937857
      }
    ],
    "eps_trend": [
      {
        "date": "2025-07-28",
        "value": 0.0012229821218019625
      },
      {
        "date": "2025-04-29",
        "value": 0.0011618330157118642
      },
      {
        "date": "2025-01-29",
        "value": 0.001103741364926271
      },
      {
        "date": "2024-10-31",
        "value": 0.0010485542966799574
      },
      {
        "date": "2024-08-02",
        "value": 0.0009961265818459594
      },
      {
        "date": "2024-05-04",
        "value": 0.0009463202527536614
      },
      {
        "date": "2024-02-04",
        "value": 0.0008990042401159782
      },
      {
        "date": "2023-11-06",
        "value": 0.0008540540281101793
      }
    ],
    "earnings_dates": [
      "2025-07-28",
      "2025-04-29",
      "2025-01-29",
      "2024-10-31",
      "2024-08-02",
      "2024-05-04",
      "2024-02-04",
      "2023-11-06"
    ]
  },
  "analysis": {
    "avg_revenue_growth": 13.085441119228204,
    "avg_earnings_surprise": 3.418537322944119,
    "consistency_score": 75,
    "trend_direction": "growing"
  }
}