{
  "ticker": "RL",
  "quarters": [
    {
      "date": "2025-07-28",
      "quarter": "Q3 2025",
      "revenue": 83297044.07622834,
      "earnings": 4096572.0501153874,
      "eps_actual": 0.001263855607276526,
      "eps_estimate": 0.0012152300726842118,
      "surprise_percent": 4.001343917116017,
      "price_on_date": 0.4967635871209836,
      "revenue_growth": 32.86172728187119,
      "earnings_growth": 26.863830072583443
    },
    {
      "date": "2025-04-29",
      "quarter": "Q2 2025",
      "revenue": 79132191.87241691,
      "earnings": 3891743.447609618,
      "eps_actual": 0.0012006628269126997,
      "eps_estimate": 0.00120801317313844,
      "surprise_percent": -0.608465734412809,
      "price_on_date": 0.47146094959640206,
      "revenue_growth": 32.54129305084802,
      "earnings_growth": 38.57705203727279
    },
    {
      "date": "2025-01-29",
      "quarter": "Q1 2025",
      "revenue": 75175582.27879608,
      "earnings": 3697156.2752291374,
      "eps_actual": 0.0011406296855670647,
      "eps_estimate": 0.0011187524759646444,
      "surprise_percent": 1.9555004411102335,
      "price_on_date": 0.4629177565665611,
      "revenue_growth": 32.89218952256573,
      "earnings_growth": 32.28654672918008
    },
    {
      "date": "2024-10-31",
      "quarter": "Q4 2024",
      "revenue": 71416803.16485626,
      "earnings": 3512298.4614676796,
      "eps_actual": 0.0010835982012887112,
      "eps_estimate": 0.0010652000839718166,
      "surprise_percent": 1.7271982600952802,
      "price_on_date": 0.45355298674592287,
      "revenue_growth": 35.124667203719554,
      "earnings_growth": 36.0259078072496
    },
    {
      "date": "2024-08-02",
      "quarter": "Q3 2024",
      "revenue": 67845963.00661345,
      "earnings": 3336683.538394296,
      "eps_actual": 0.0010294182912242759,
      "eps_estimate": 0.0009878527349284102,
      "surprise_percent": 4.2076672793620284,
      "price_on_date": 0.4260343249532933,
      "revenue_growth": 35.19950430398515,
      "earnings_growth": 44.532762303726784
    },
    {
      "date": "2024-05-04",
      "quarter": "Q2 2024",
      "revenue": 64453664.85628276,
      "earnings": 3169849.3614745806,
      "eps_actual": 0.000977947376663062,
      "eps_estimate": 0.0009392846629612407,
      "surprise_percent": 4.116187054511359,
      "price_on_date": 0.34110031556900855,
      "revenue_growth": 31.239359836793458,
      "earnings_growth": 35.942802025880674
    },
    {
      "date": "2024-02-04",
      "quarter": "Q1 2024",
      "revenue": 61230981.613468625,
      "earnings": 3011356.8934008516,
      "eps_actual": 0.0009290500078299088,
      "eps_estimate": 0.0009022747849333397,
      "surprise_percent": 2.967524233601102,
      "price_on_date": 0.3190989943515174,
      "revenue_growth": 38.92220831069968,
      "earnings_growth": 39.615989996742954
    },
    {
      "date": "2023-11-06",
      "quarter": "Q4 2023",
      "revenue": 58169432.53279519,
      "earnings": 2860789.048730809,
      "eps_actual": 0.0008825975074384133,
      "eps_estimate": 0.000849650439716221,
      "surprise_percent": 3.8777203167453727,
      "price_on_date": 0.3695939218493977,
      "revenue_growth": 41.66975354864802,
      "earnings_growth": 43.17408957221176
    }
  ],
  "metrics": {
    "revenue_trend": [
      {
        "date": "2025-07-28",
        "value": 83297044.07622834
      },
      {
        "date": "2025-04-29",
        "value": 79132191.87241691
      },
      {
        "date": "2025-01-29",
        "value": 75175582.27879608
      },
      {
        "date": "2024-10-31",
        "value": 71416803.16485626
      },
      {
        "date": "2024-08-02",
        "value": 67845963.00661345
      },
      {
        "date": "2024-05-04",
        "value": 64453664.85628276
      },
      {
        "date": "2024-02-04",
        "value": 61230981.613468625
      },
      {
        "date": "2023-11-06",
        "value": 58169432.53279519
      }
    ],
    "eps_trend": [
      {
        "date": "2025-07-28",
        "value": 0.001263855607276526
      },
      {
        "date": "2025-04-29",
        "value": 0.0012006628269126997
      },
      {
        "date": "2025-01-29",
        "value": 0.0011406296855670647
      },
      {
        "date": "2024-10-31",
        "value": 0.0010835982012887112
      },
      {
        "date": "2024-08-02",
        "value": 0.0010294182912242759
      },
      {
        "date": "2024-05-04",
        "value": 0.000977947376663062
      },
      {
        "date": "2024-02-04",
        "value": 0.0009290500078299088
      },
      {
        "date": "2023-11-06",
        "value": 0.0008825975074384133
      }
    ],
    "earnings_dates": [
      "2025-07-28",
      "2025-04-29",
      "2025-01-29",
      "2024-10-31",
      "2024-08-02",
      "2024-05-04",
      "2024-02-04",
      "2023-11-06"
    ]
  },
  "analysis": {
    "avg_revenue_growth": 33.35496926475112,
    "avg_earnings_surprise": 1.7688942209771805,
    "consistency_score": 72,
    "trend_direction": "growing"
  }
}