{
  "ticker": "RMD",
  "quarters": [
    {
      "date": "2025-07-28",
      "quarter": "Q3 2025",
      "revenue": 124828771.0317608,
      "earnings": 4181592.5718398197,
      "eps_actual": 0.0010983011759325007,
      "eps_estimate": 0.0011001111095962197,
      "surprise_percent": -0.16452280573580583,
      "price_on_date": 0.10387246335962261,
      "revenue_growth": 34.3447923100902,
      "earnings_growth": 22.360051171015012
    },
    {
      "date": "2025-04-29",
      "quarter": "Q2 2025",
      "revenue": 118587332.48017275,
      "earnings": 3972512.9432478286,
      "eps_actual": 0.0010433861171358757,
      "eps_estimate": 0.00099390385270648,
      "surprise_percent": 4.978576579077696,
      "price_on_date": 0.09852661097915316,
      "revenue_growth": 29.406144450403886,
      "earnings_growth": 31.575843619309193
    },
    {
      "date": "2025-01-29",
      "quarter": "Q1 2025",
      "revenue": 112657965.85616411,
      "earnings": 3773887.296085437,
      "eps_actual": 0.0009912168112790817,
      "eps_estimate": 0.0009616912580929414,
      "surprise_percent": 3.070169655559753,
      "price_on_date": 0.0939536921141582,
      "revenue_growth": 23.66754501265796,
      "earnings_growth": 35.283984725838536
    },
    {
      "date": "2024-10-31",
      "quarter": "Q4 2024",
      "revenue": 107025067.5633559,
      "earnings": 3585192.9312811648,
      "eps_actual": 0.0009416559707151276,
      "eps_estimate": 0.0009486234368713075,
      "surprise_percent": -0.7344817643510367,
      "price_on_date": 0.10082283750997822,
      "revenue_growth": 30.70841756877836,
      "earnings_growth": 22.87053234614568
    },
    {
      "date": "2024-08-02",
      "quarter": "Q3 2024",
      "revenue": 101673814.1851881,
      "earnings": 3405933.2847171067,
      "eps_actual": 0.0008945731721793713,
      "eps_estimate": 0.0008887118392779313,
      "surprise_percent": 0.6595313173955595,
      "price_on_date": 0.0905354290495115,
      "revenue_growth": 30.474029561486198,
      "earnings_growth": 27.537910380432248
    },
    {
      "date": "2024-05-04",
      "quarter": "Q2 2024",
      "revenue": 96590123.47592868,
      "earnings": 3235636.620481251,
      "eps_actual": 0.0008498445135704027,
      "eps_estimate": 0.0008243252909934836,
      "surprise_percent": 3.0957709117674947,
      "price_on_date": 0.09502762603024831,
      "revenue_growth": 25.880194519755175,
      "earnings_growth": 32.17013489821293
    },
    {
      "date": "2024-02-04",
      "quarter": "Q1 2024",
      "revenue": 91760617.30213225,
      "earnings": 3073854.7894571885,
      "eps_actual": 0.0008073522878918825,
      "eps_estimate": 0.0008082958586722794,
      "surprise_percent": -0.11673581774213526,
      "price_on_date": 0.0864096965334666,
      "revenue_growth": 33.096150741512275,
      "earnings_growth": 34.141436014557954
    },
    {
      "date": "2023-11-06",
      "quarter": "Q4 2023",
      "revenue": 87172586.43702562,
      "earnings": 2920162.0499843284,
      "eps_actual": 0.0007669846734972883,
      "eps_estimate": 0.0007739884483783328,
      "surprise_percent": -0.9048939807459528,
      "price_on_date": 0.0744903965528976,
      "revenue_growth": 24.920903544534944,
      "earnings_growth": 38.07317118680588
    }
  ],
  "metrics": {
    "revenue_trend": [
      {
        "date": "2025-07-28",
        "value": 124828771.0317608
      },
      {
        "date": "2025-04-29",
        "value": 118587332.48017275
      },
      {
        "date": "2025-01-29",
        "value": 112657965.85616411
      },
      {
        "date": "2024-10-31",
        "value": 107025067.5633559
      },
      {
        "date": "2024-08-02",
        "value": 101673814.1851881
      },
      {
        "date": "2024-05-04",
        "value": 96590123.47592868
      },
      {
        "date": "2024-02-04",
        "value": 91760617.30213225
      },
      {
        "date": "2023-11-06",
        "value": 87172586.43702562
      }
    ],
    "eps_trend": [
      {
        "date": "2025-07-28",
        "value": 0.0010983011759325007
      },
      {
        "date": "2025-04-29",
        "value": 0.0010433861171358757
      },
      {
        "date": "2025-01-29",
        "value": 0.0009912168112790817
      },
      {
        "date": "2024-10-31",
        "value": 0.0009416559707151276
      },
      {
        "date": "2024-08-02",
        "value": 0.0008945731721793713
      },
      {
        "date": "2024-05-04",
        "value": 0.0008498445135704027
      },
      {
        "date": "2024-02-04",
        "value": 0.0008073522878918825
      },
      {
        "date": "2023-11-06",
        "value": 0.0007669846734972883
      }
    ],
    "earnings_dates": [
      "2025-07-28",
      "2025-04-29",
      "2025-01-29",
      "2024-10-31",
      "2024-08-02",
      "2024-05-04",
      "2024-02-04",
      "2023-11-06"
    ]
  },
  "analysis": {
    "avg_revenue_growth": 29.531724835482603,
    "avg_earnings_surprise": 1.7874354161376518,
    "consistency_score": 82,
    "trend_direction": "growing"
  }
}