{
  "ticker": "ROK",
  "quarters": [
    {
      "date": "2025-07-28",
      "quarter": "Q3 2025",
      "revenue": 45340725.28594715,
      "earnings": 3974193.6626951257,
      "eps_actual": 0.0022451854113459085,
      "eps_estimate": 0.002137844211327521,
      "surprise_percent": 5.021001972437122,
      "price_on_date": 0.6819436080380514,
      "revenue_growth": 19.73010394749516,
      "earnings_growth": 20.343571270770596
    },
    {
      "date": "2025-04-29",
      "quarter": "Q2 2025",
      "revenue": 43073689.02164979,
      "earnings": 3775483.979560369,
      "eps_actual": 0.002132926140778613,
      "eps_estimate": 0.0021398574066601884,
      "surprise_percent": -0.323912512114228,
      "price_on_date": 0.6752545715792444,
      "revenue_growth": 23.09772753704792,
      "earnings_growth": 13.810081793855495
    },
    {
      "date": "2025-01-29",
      "quarter": "Q1 2025",
      "revenue": 40920004.5705673,
      "earnings": 3586709.7805823507,
      "eps_actual": 0.0020262798337396825,
      "eps_estimate": 0.0020586029172144247,
      "surprise_percent": -1.5701465884678638,
      "price_on_date": 0.5771738468627159,
      "revenue_growth": 16.450018509910013,
      "earnings_growth": 15.359304564603724
    },
    {
      "date": "2024-10-31",
      "quarter": "Q4 2024",
      "revenue": 38874004.34203894,
      "earnings": 3407374.2915532333,
      "eps_actual": 0.0019249658420526985,
      "eps_estimate": 0.0018544004939651496,
      "surprise_percent": 3.805291700319998,
      "price_on_date": 0.6072142943504452,
      "revenue_growth": 17.49329186771401,
      "earnings_growth": 22.61166622623968
    },
    {
      "date": "2024-08-02",
      "quarter": "Q3 2024",
      "revenue": 36930304.12493698,
      "earnings": 3237005.576975571,
      "eps_actual": 0.0018287175499500632,
      "eps_estimate": 0.001766027187974346,
      "surprise_percent": 3.5497959715797918,
      "price_on_date": 0.5674443324446033,
      "revenue_growth": 15.694477225766109,
      "earnings_growth": 24.159085745665564
    },
    {
      "date": "2024-05-04",
      "quarter": "Q2 2024",
      "revenue": 35083788.91869013,
      "earnings": 3075155.298126792,
      "eps_actual": 0.0017372816724525598,
      "eps_estimate": 0.00175059596287294,
      "surprise_percent": -0.7605575874018252,
      "price_on_date": 0.5896818842073428,
      "revenue_growth": 20.001524074601136,
      "earnings_growth": 16.42048461163941
    },
    {
      "date": "2024-02-04",
      "quarter": "Q1 2024",
      "revenue": 33329599.472755626,
      "earnings": 2921397.5332204527,
      "eps_actual": 0.001650417588829932,
      "eps_estimate": 0.0016615943049431874,
      "surprise_percent": -0.672650121633484,
      "price_on_date": 0.5140967168117465,
      "revenue_growth": 21.7203056083601,
      "earnings_growth": 18.26840990769158
    },
    {
      "date": "2023-11-06",
      "quarter": "Q4 2023",
      "revenue": 31663119.49911784,
      "earnings": 2775327.6565594296,
      "eps_actual": 0.001567896709388435,
      "eps_estimate": 0.0015187818652254862,
      "surprise_percent": 3.2338313544227733,
      "price_on_date": 0.4498474473891549,
      "revenue_growth": 17.671778324587038,
      "earnings_growth": 21.234122953608182
    }
  ],
  "metrics": {
    "revenue_trend": [
      {
        "date": "2025-07-28",
        "value": 45340725.28594715
      },
      {
        "date": "2025-04-29",
        "value": 43073689.02164979
      },
      {
        "date": "2025-01-29",
        "value": 40920004.5705673
      },
      {
        "date": "2024-10-31",
        "value": 38874004.34203894
      },
      {
        "date": "2024-08-02",
        "value": 36930304.12493698
      },
      {
        "date": "2024-05-04",
        "value": 35083788.91869013
      },
      {
        "date": "2024-02-04",
        "value": 33329599.472755626
      },
      {
        "date": "2023-11-06",
        "value": 31663119.49911784
      }
    ],
    "eps_trend": [
      {
        "date": "2025-07-28",
        "value": 0.0022451854113459085
      },
      {
        "date": "2025-04-29",
        "value": 0.002132926140778613
      },
      {
        "date": "2025-01-29",
        "value": 0.0020262798337396825
      },
      {
        "date": "2024-10-31",
        "value": 0.0019249658420526985
      },
      {
        "date": "2024-08-02",
        "value": 0.0018287175499500632
      },
      {
        "date": "2024-05-04",
        "value": 0.0017372816724525598
      },
      {
        "date": "2024-02-04",
        "value": 0.001650417588829932
      },
      {
        "date": "2023-11-06",
        "value": 0.001567896709388435
      }
    ],
    "earnings_dates": [
      "2025-07-28",
      "2025-04-29",
      "2025-01-29",
      "2024-10-31",
      "2024-08-02",
      "2024-05-04",
      "2024-02-04",
      "2023-11-06"
    ]
  },
  "analysis": {
    "avg_revenue_growth": 19.192785465541775,
    "avg_earnings_surprise": 1.733058643043757,
    "consistency_score": 93,
    "trend_direction": "growing"
  }
}