{
  "ticker": "ROKU",
  "quarters": [
    {
      "date": "2025-07-28",
      "quarter": "Q3 2025",
      "revenue": 2035429586.332809,
      "earnings": 205508730.005098,
      "eps_actual": 0.05655949758074777,
      "eps_estimate": 0.057626803989343126,
      "surprise_percent": -1.8521006453745585,
      "price_on_date": 12.207769897899706,
      "revenue_growth": 4.0056485893368885,
      "earnings_growth": 2.5278675956819225
    },
    {
      "date": "2025-04-29",
      "quarter": "Q2 2025",
      "revenue": 1933658107.0161684,
      "earnings": 195233293.5048431,
      "eps_actual": 0.05373152270171038,
      "eps_estimate": 0.053659521384183465,
      "surprise_percent": 0.1341818109248725,
      "price_on_date": 10.658838171908736,
      "revenue_growth": 3.175404045262452,
      "earnings_growth": 3.6364925172287825
    },
    {
      "date": "2025-01-29",
      "quarter": "Q1 2025",
      "revenue": 1836975201.66536,
      "earnings": 185471628.82960093,
      "eps_actual": 0.05104494656662486,
      "eps_estimate": 0.05114496561172842,
      "surprise_percent": -0.19555990292937747,
      "price_on_date": 12.017743092787246,
      "revenue_growth": 4.087599807128254,
      "earnings_growth": 4.281424762626001
    },
    {
      "date": "2024-10-31",
      "quarter": "Q4 2024",
      "revenue": 1745126441.5820918,
      "earnings": 176198047.38812086,
      "eps_actual": 0.048492699238293614,
      "eps_estimate": 0.04932961956582652,
      "surprise_percent": -1.696587840934195,
      "price_on_date": 10.42487701747696,
      "revenue_growth": 3.151282558480235,
      "earnings_growth": 3.7401880027177765
    },
    {
      "date": "2024-08-02",
      "quarter": "Q3 2024",
      "revenue": 1657870119.5029871,
      "earnings": 167388145.01871482,
      "eps_actual": 0.04606806427637893,
      "eps_estimate": 0.044047153711682295,
      "surprise_percent": 4.588061643948282,
      "price_on_date": 10.309683937006076,
      "revenue_growth": 3.5108050650518794,
      "earnings_growth": 2.7152511472774563
    },
    {
      "date": "2024-05-04",
      "quarter": "Q2 2024",
      "revenue": 1574976613.5278378,
      "earnings": 159018737.76777905,
      "eps_actual": 0.043764661062559974,
      "eps_estimate": 0.04330821543258713,
      "surprise_percent": 1.0539469830691601,
      "price_on_date": 9.304893562606917,
      "revenue_growth": 3.518497252830855,
      "earnings_growth": 2.8502449105611745
    },
    {
      "date": "2024-02-04",
      "quarter": "Q1 2024",
      "revenue": 1496227782.851446,
      "earnings": 151067800.87939012,
      "eps_actual": 0.04157642800943198,
      "eps_estimate": 0.03953893510394485,
      "surprise_percent": 5.153130452630346,
      "price_on_date": 8.320473268550995,
      "revenue_growth": 2.922704220214678,
      "earnings_growth": 3.599481653935904
    },
    {
      "date": "2023-11-06",
      "quarter": "Q4 2023",
      "revenue": 1421416393.7088733,
      "earnings": 143514410.83542058,
      "eps_actual": 0.03949760660896037,
      "eps_estimate": 0.039293808178036224,
      "surprise_percent": 0.518652786211911,
      "price_on_date": 8.557400247488875,
      "revenue_growth": 3.8724272426306454,
      "earnings_growth": 2.7968368558679972
    }
  ],
  "metrics": {
    "revenue_trend": [
      {
        "date": "2025-07-28",
        "value": 2035429586.332809
      },
      {
        "date": "2025-04-29",
        "value": 1933658107.0161684
      },
      {
        "date": "2025-01-29",
        "value": 1836975201.66536
      },
      {
        "date": "2024-10-31",
        "value": 1745126441.5820918
      },
      {
        "date": "2024-08-02",
        "value": 1657870119.5029871
      },
      {
        "date": "2024-05-04",
        "value": 1574976613.5278378
      },
      {
        "date": "2024-02-04",
        "value": 1496227782.851446
      },
      {
        "date": "2023-11-06",
        "value": 1421416393.7088733
      }
    ],
    "eps_trend": [
      {
        "date": "2025-07-28",
        "value": 0.05655949758074777
      },
      {
        "date": "2025-04-29",
        "value": 0.05373152270171038
      },
      {
        "date": "2025-01-29",
        "value": 0.05104494656662486
      },
      {
        "date": "2024-10-31",
        "value": 0.048492699238293614
      },
      {
        "date": "2024-08-02",
        "value": 0.04606806427637893
      },
      {
        "date": "2024-05-04",
        "value": 0.043764661062559974
      },
      {
        "date": "2024-02-04",
        "value": 0.04157642800943198
      },
      {
        "date": "2023-11-06",
        "value": 0.03949760660896037
      }
    ],
    "earnings_dates": [
      "2025-07-28",
      "2025-04-29",
      "2025-01-29",
      "2024-10-31",
      "2024-08-02",
      "2024-05-04",
      "2024-02-04",
      "2023-11-06"
    ]
  },
  "analysis": {
    "avg_revenue_growth": 3.6049837500519573,
    "avg_earnings_surprise": -0.9025166445783146,
    "consistency_score": 87,
    "trend_direction": "stable"
  }
}