{
  "ticker": "ROL",
  "quarters": [
    {
      "date": "2025-07-28",
      "quarter": "Q3 2025",
      "revenue": 116109668.86166582,
      "earnings": 3267349.902127898,
      "eps_actual": 0.0016910594268104704,
      "eps_estimate": 0.0016824649903025238,
      "surprise_percent": 0.5108240918820655,
      "price_on_date": 0.6297168531650286,
      "revenue_growth": 14.672766193626291,
      "earnings_growth": 10.729687136144115
    },
    {
      "date": "2025-04-29",
      "quarter": "Q2 2025",
      "revenue": 110304185.41858251,
      "earnings": 3103982.4070215025,
      "eps_actual": 0.0016065064554699466,
      "eps_estimate": 0.0015368381248111345,
      "surprise_percent": 4.533225037436771,
      "price_on_date": 0.5734586402406026,
      "revenue_growth": 15.972043362825326,
      "earnings_growth": 13.946682811933515
    },
    {
      "date": "2025-01-29",
      "quarter": "Q1 2025",
      "revenue": 104788976.1476534,
      "earnings": 2948783.286670428,
      "eps_actual": 0.0015261811326964495,
      "eps_estimate": 0.001516747735303034,
      "surprise_percent": 0.621949001396112,
      "price_on_date": 0.5702228369527883,
      "revenue_growth": 16.2480239557668,
      "earnings_growth": 13.951406368814643
    },
    {
      "date": "2024-10-31",
      "quarter": "Q4 2024",
      "revenue": 99549527.34027071,
      "earnings": 2801344.122336906,
      "eps_actual": 0.0014498720760616267,
      "eps_estimate": 0.0013798752820436619,
      "surprise_percent": 5.0726898966039995,
      "price_on_date": 0.5193061129667412,
      "revenue_growth": 12.433130157557756,
      "earnings_growth": 17.73922058542636
    },
    {
      "date": "2024-08-02",
      "quarter": "Q3 2024",
      "revenue": 94572050.97325718,
      "earnings": 2661276.916220061,
      "eps_actual": 0.0013773784722585457,
      "eps_estimate": 0.0014039911557678672,
      "surprise_percent": -1.8955022187989883,
      "price_on_date": 0.5468062228094813,
      "revenue_growth": 16.591164651463455,
      "earnings_growth": 12.482619994504189
    },
    {
      "date": "2024-05-04",
      "quarter": "Q2 2024",
      "revenue": 89843448.4245943,
      "earnings": 2528213.070409057,
      "eps_actual": 0.0013085095486456179,
      "eps_estimate": 0.0012937039825786979,
      "surprise_percent": 1.1444322863881553,
      "price_on_date": 0.486191158748107,
      "revenue_growth": 13.534857076854792,
      "earnings_growth": 13.187784923577063
    },
    {
      "date": "2024-02-04",
      "quarter": "Q1 2024",
      "revenue": 85351276.0033646,
      "earnings": 2401802.4168886044,
      "eps_actual": 0.001243084071213337,
      "eps_estimate": 0.0012276533811016368,
      "surprise_percent": 1.2569256395362622,
      "price_on_date": 0.442806717243569,
      "revenue_growth": 14.664192269732336,
      "earnings_growth": 16.640601304676515
    },
    {
      "date": "2023-11-06",
      "quarter": "Q4 2023",
      "revenue": 81083712.20319635,
      "earnings": 2281712.2960441737,
      "eps_actual": 0.00118092986765267,
      "eps_estimate": 0.0011493802550013568,
      "surprise_percent": 2.7449238416990185,
      "price_on_date": 0.43635428815450805,
      "revenue_growth": 12.59479514675802,
      "earnings_growth": 10.413446563279232
    }
  ],
  "metrics": {
    "revenue_trend": [
      {
        "date": "2025-07-28",
        "value": 116109668.86166582
      },
      {
        "date": "2025-04-29",
        "value": 110304185.41858251
      },
      {
        "date": "2025-01-29",
        "value": 104788976.1476534
      },
      {
        "date": "2024-10-31",
        "value": 99549527.34027071
      },
      {
        "date": "2024-08-02",
        "value": 94572050.97325718
      },
      {
        "date": "2024-05-04",
        "value": 89843448.4245943
      },
      {
        "date": "2024-02-04",
        "value": 85351276.0033646
      },
      {
        "date": "2023-11-06",
        "value": 81083712.20319635
      }
    ],
    "eps_trend": [
      {
        "date": "2025-07-28",
        "value": 0.0016910594268104704
      },
      {
        "date": "2025-04-29",
        "value": 0.0016065064554699466
      },
      {
        "date": "2025-01-29",
        "value": 0.0015261811326964495
      },
      {
        "date": "2024-10-31",
        "value": 0.0014498720760616267
      },
      {
        "date": "2024-08-02",
        "value": 0.0013773784722585457
      },
      {
        "date": "2024-05-04",
        "value": 0.0013085095486456179
      },
      {
        "date": "2024-02-04",
        "value": 0.001243084071213337
      },
      {
        "date": "2023-11-06",
        "value": 0.00118092986765267
      }
    ],
    "earnings_dates": [
      "2025-07-28",
      "2025-04-29",
      "2025-01-29",
      "2024-10-31",
      "2024-08-02",
      "2024-05-04",
      "2024-02-04",
      "2023-11-06"
    ]
  },
  "analysis": {
    "avg_revenue_growth": 14.831490917444043,
    "avg_earnings_surprise": 2.6846720068297367,
    "consistency_score": 86,
    "trend_direction": "growing"
  }
}