{
  "ticker": "ROP",
  "quarters": [
    {
      "date": "2025-07-28",
      "quarter": "Q3 2025",
      "revenue": 12596968.411400713,
      "earnings": 1473961.5133941402,
      "eps_actual": 0.0022811943150957753,
      "eps_estimate": 0.002232685557915907,
      "surprise_percent": 2.1726640819564706,
      "price_on_date": 3.092657614537681,
      "revenue_growth": 10.16986395448232,
      "earnings_growth": 11.609639386845343
    },
    {
      "date": "2025-04-29",
      "quarter": "Q2 2025",
      "revenue": 11967119.990830677,
      "earnings": 1400263.437724433,
      "eps_actual": 0.0021671345993409864,
      "eps_estimate": 0.0021789678442989116,
      "surprise_percent": -0.5430665252305533,
      "price_on_date": 3.0211183940002844,
      "revenue_growth": 9.198063985735029,
      "earnings_growth": 9.034570274050433
    },
    {
      "date": "2025-01-29",
      "quarter": "Q1 2025",
      "revenue": 11368763.991289143,
      "earnings": 1330250.2658382114,
      "eps_actual": 0.0020587778693739373,
      "eps_estimate": 0.001989501555213392,
      "surprise_percent": 3.482093993795083,
      "price_on_date": 2.4680590481534503,
      "revenue_growth": 9.01641695447171,
      "earnings_growth": 7.489199949821847
    },
    {
      "date": "2024-10-31",
      "quarter": "Q4 2024",
      "revenue": 10800325.791724686,
      "earnings": 1263737.7525463009,
      "eps_actual": 0.0019558389759052404,
      "eps_estimate": 0.0018685846841181998,
      "surprise_percent": 4.669539064975085,
      "price_on_date": 2.3161775728160614,
      "revenue_growth": 7.410309650729893,
      "earnings_growth": 11.611260650467063
    },
    {
      "date": "2024-08-02",
      "quarter": "Q3 2024",
      "revenue": 10260309.50213845,
      "earnings": 1200550.8649189856,
      "eps_actual": 0.0018580470271099781,
      "eps_estimate": 0.0018334880933031203,
      "surprise_percent": 1.3394651373281456,
      "price_on_date": 2.55594200419973,
      "revenue_growth": 8.393470806163768,
      "earnings_growth": 7.6430484430451395
    },
    {
      "date": "2024-05-04",
      "quarter": "Q2 2024",
      "revenue": 9747294.027031526,
      "earnings": 1140523.321673036,
      "eps_actual": 0.0017651446757544788,
      "eps_estimate": 0.001762606272774395,
      "surprise_percent": 0.1440141805514118,
      "price_on_date": 2.3928665735613284,
      "revenue_growth": 7.903472024062128,
      "earnings_growth": 11.469651971919737
    },
    {
      "date": "2024-02-04",
      "quarter": "Q1 2024",
      "revenue": 9259929.32567995,
      "earnings": 1083497.1555893845,
      "eps_actual": 0.0016768874419667552,
      "eps_estimate": 0.001675720764777882,
      "surprise_percent": 0.06962241045141597,
      "price_on_date": 2.2787853464825836,
      "revenue_growth": 9.602849556107405,
      "earnings_growth": 10.739259311698845
    },
    {
      "date": "2023-11-06",
      "quarter": "Q4 2023",
      "revenue": 8796932.859395951,
      "earnings": 1029322.297809915,
      "eps_actual": 0.001593043069868417,
      "eps_estimate": 0.001575470987646772,
      "surprise_percent": 1.1153542248271986,
      "price_on_date": 2.2606687420273137,
      "revenue_growth": 7.296063665140016,
      "earnings_growth": 6.644647706345781
    }
  ],
  "metrics": {
    "revenue_trend": [
      {
        "date": "2025-07-28",
        "value": 12596968.411400713
      },
      {
        "date": "2025-04-29",
        "value": 11967119.990830677
      },
      {
        "date": "2025-01-29",
        "value": 11368763.991289143
      },
      {
        "date": "2024-10-31",
        "value": 10800325.791724686
      },
      {
        "date": "2024-08-02",
        "value": 10260309.50213845
      },
      {
        "date": "2024-05-04",
        "value": 9747294.027031526
      },
      {
        "date": "2024-02-04",
        "value": 9259929.32567995
      },
      {
        "date": "2023-11-06",
        "value": 8796932.859395951
      }
    ],
    "eps_trend": [
      {
        "date": "2025-07-28",
        "value": 0.0022811943150957753
      },
      {
        "date": "2025-04-29",
        "value": 0.0021671345993409864
      },
      {
        "date": "2025-01-29",
        "value": 0.0020587778693739373
      },
      {
        "date": "2024-10-31",
        "value": 0.0019558389759052404
      },
      {
        "date": "2024-08-02",
        "value": 0.0018580470271099781
      },
      {
        "date": "2024-05-04",
        "value": 0.0017651446757544788
      },
      {
        "date": "2024-02-04",
        "value": 0.0016768874419667552
      },
      {
        "date": "2023-11-06",
        "value": 0.001593043069868417
      }
    ],
    "earnings_dates": [
      "2025-07-28",
      "2025-04-29",
      "2025-01-29",
      "2024-10-31",
      "2024-08-02",
      "2024-05-04",
      "2024-02-04",
      "2023-11-06"
    ]
  },
  "analysis": {
    "avg_revenue_growth": 8.948663636354738,
    "avg_earnings_surprise": 2.4453076538740213,
    "consistency_score": 65,
    "trend_direction": "growing"
  }
}