{
  "ticker": "ROST",
  "quarters": [
    {
      "date": "2025-07-28",
      "quarter": "Q3 2025",
      "revenue": 79909116.34904684,
      "earnings": 4425549.386797055,
      "eps_actual": 0.0027810113941541047,
      "eps_estimate": 0.002704688884046423,
      "surprise_percent": 2.82185912612238,
      "price_on_date": 0.760690462732954,
      "revenue_growth": 28.344380367120674,
      "earnings_growth": 22.605890103237
    },
    {
      "date": "2025-04-29",
      "quarter": "Q2 2025",
      "revenue": 75913660.5315945,
      "earnings": 4204271.9174572015,
      "eps_actual": 0.0026419608244463992,
      "eps_estimate": 0.002551133695265854,
      "surprise_percent": 3.5602653576758145,
      "price_on_date": 0.792351262277868,
      "revenue_growth": 25.57027463783249,
      "earnings_growth": 24.290864435106474
    },
    {
      "date": "2025-01-29",
      "quarter": "Q1 2025",
      "revenue": 72117977.50501478,
      "earnings": 3994058.321584342,
      "eps_actual": 0.0025098627832240796,
      "eps_estimate": 0.002499539488022227,
      "surprise_percent": 0.41300788610548905,
      "price_on_date": 0.7204536050604299,
      "revenue_growth": 23.14652050171357,
      "earnings_growth": 31.988952588482807
    },
    {
      "date": "2024-10-31",
      "quarter": "Q4 2024",
      "revenue": 68512078.62976402,
      "earnings": 3794355.405505124,
      "eps_actual": 0.002384369644062875,
      "eps_estimate": 0.0023422358014241877,
      "surprise_percent": 1.7988727955173422,
      "price_on_date": 0.7240123495769565,
      "revenue_growth": 30.536134200840756,
      "earnings_growth": 21.534751491332603
    },
    {
      "date": "2024-08-02",
      "quarter": "Q3 2024",
      "revenue": 65086474.69827583,
      "earnings": 3604637.635229868,
      "eps_actual": 0.0022651511618597313,
      "eps_estimate": 0.002257026508462485,
      "surprise_percent": 0.3599715540240181,
      "price_on_date": 0.7255818295694855,
      "revenue_growth": 23.502773199502798,
      "earnings_growth": 33.33847884654716
    },
    {
      "date": "2024-05-04",
      "quarter": "Q2 2024",
      "revenue": 61832150.96336202,
      "earnings": 3424405.753468374,
      "eps_actual": 0.0021518936037667443,
      "eps_estimate": 0.0020522290571595124,
      "surprise_percent": 4.856404613292897,
      "price_on_date": 0.6099474524923105,
      "revenue_growth": 29.488890872026445,
      "earnings_growth": 25.31968656246767
    },
    {
      "date": "2024-02-04",
      "quarter": "Q1 2024",
      "revenue": 58740543.41519392,
      "earnings": 3253185.4657949554,
      "eps_actual": 0.0020442989235784073,
      "eps_estimate": 0.002031699354661911,
      "surprise_percent": 0.6201492798422871,
      "price_on_date": 0.585107862281017,
      "revenue_growth": 30.77682813895249,
      "earnings_growth": 31.669526808902642
    },
    {
      "date": "2023-11-06",
      "quarter": "Q4 2023",
      "revenue": 55803516.24443422,
      "earnings": 3090526.1925052074,
      "eps_actual": 0.0019420839773994867,
      "eps_estimate": 0.0018507043507034172,
      "surprise_percent": 4.937559403334083,
      "price_on_date": 0.543970514669494,
      "revenue_growth": 26.406310319285005,
      "earnings_growth": 28.415754922758943
    }
  ],
  "metrics": {
    "revenue_trend": [
      {
        "date": "2025-07-28",
        "value": 79909116.34904684
      },
      {
        "date": "2025-04-29",
        "value": 75913660.5315945
      },
      {
        "date": "2025-01-29",
        "value": 72117977.50501478
      },
      {
        "date": "2024-10-31",
        "value": 68512078.62976402
      },
      {
        "date": "2024-08-02",
        "value": 65086474.69827583
      },
      {
        "date": "2024-05-04",
        "value": 61832150.96336202
      },
      {
        "date": "2024-02-04",
        "value": 58740543.41519392
      },
      {
        "date": "2023-11-06",
        "value": 55803516.24443422
      }
    ],
    "eps_trend": [
      {
        "date": "2025-07-28",
        "value": 0.0027810113941541047
      },
      {
        "date": "2025-04-29",
        "value": 0.0026419608244463992
      },
      {
        "date": "2025-01-29",
        "value": 0.0025098627832240796
      },
      {
        "date": "2024-10-31",
        "value": 0.002384369644062875
      },
      {
        "date": "2024-08-02",
        "value": 0.0022651511618597313
      },
      {
        "date": "2024-05-04",
        "value": 0.0021518936037667443
      },
      {
        "date": "2024-02-04",
        "value": 0.0020442989235784073
      },
      {
        "date": "2023-11-06",
        "value": 0.0019420839773994867
      }
    ],
    "earnings_dates": [
      "2025-07-28",
      "2025-04-29",
      "2025-01-29",
      "2024-10-31",
      "2024-08-02",
      "2024-05-04",
      "2024-02-04",
      "2023-11-06"
    ]
  },
  "analysis": {
    "avg_revenue_growth": 26.899327426876873,
    "avg_earnings_surprise": 2.1485012913552564,
    "consistency_score": 93,
    "trend_direction": "growing"
  }
}