{
  "ticker": "RSG",
  "quarters": [
    {
      "date": "2025-07-28",
      "quarter": "Q3 2025",
      "revenue": 30541431.651756,
      "earnings": 1734298.3344894852,
      "eps_actual": 0.0016459472892480765,
      "eps_estimate": 0.0016703072931805501,
      "surprise_percent": -1.4584145104274833,
      "price_on_date": 1.0021149187839753,
      "revenue_growth": -18.615122836079205,
      "earnings_growth": -13.90826411600546
    },
    {
      "date": "2025-04-29",
      "quarter": "Q2 2025",
      "revenue": 29014360.0691682,
      "earnings": 1647583.417765011,
      "eps_actual": 0.0015636499247856726,
      "eps_estimate": 0.0015257933430195454,
      "surprise_percent": 2.4811080700620316,
      "price_on_date": 0.9963033237683092,
      "revenue_growth": -17.18465318096369,
      "earnings_growth": -17.186288272843278
    },
    {
      "date": "2025-01-29",
      "quarter": "Q1 2025",
      "revenue": 27563642.06570979,
      "earnings": 1565204.2468767604,
      "eps_actual": 0.0014854674285463888,
      "eps_estimate": 0.0014806514903934922,
      "surprise_percent": 0.3252580491859483,
      "price_on_date": 0.955910809354912,
      "revenue_growth": -19.09249398319101,
      "earnings_growth": -20.640958345820575
    },
    {
      "date": "2024-10-31",
      "quarter": "Q4 2024",
      "revenue": 26185459.962424297,
      "earnings": 1486944.0345329223,
      "eps_actual": 0.0014111940571190694,
      "eps_estimate": 0.0013796825954101052,
      "surprise_percent": 2.283964573721211,
      "price_on_date": 0.8237778224799447,
      "revenue_growth": -17.01107729283124,
      "earnings_growth": -20.29702712562765
    },
    {
      "date": "2024-08-02",
      "quarter": "Q3 2024",
      "revenue": 24876186.96430308,
      "earnings": 1412596.832806276,
      "eps_actual": 0.0013406343542631156,
      "eps_estimate": 0.0013154201240997932,
      "surprise_percent": 1.9168195545569695,
      "price_on_date": 0.7686252161668605,
      "revenue_growth": -15.927619001216607,
      "earnings_growth": -14.957704730837948
    },
    {
      "date": "2024-05-04",
      "quarter": "Q2 2024",
      "revenue": 23632377.616087925,
      "earnings": 1341966.991165962,
      "eps_actual": 0.0012736026365499599,
      "eps_estimate": 0.0012606968627468578,
      "surprise_percent": 1.0237015879441775,
      "price_on_date": 0.7767355433586697,
      "revenue_growth": -20.564140013330604,
      "earnings_growth": -22.587529686015873
    },
    {
      "date": "2024-02-04",
      "quarter": "Q1 2024",
      "revenue": 22450758.735283528,
      "earnings": 1274868.641607664,
      "eps_actual": 0.001209922504722462,
      "eps_estimate": 0.0011888636427330357,
      "surprise_percent": 1.7713437632775775,
      "price_on_date": 0.7012856300281433,
      "revenue_growth": -16.069250824597958,
      "earnings_growth": -14.205512823048563
    },
    {
      "date": "2023-11-06",
      "quarter": "Q4 2023",
      "revenue": 21328220.79851935,
      "earnings": 1211125.2095272806,
      "eps_actual": 0.0011494263794863387,
      "eps_estimate": 0.001118384453632775,
      "surprise_percent": 2.7756041987826423,
      "price_on_date": 0.6428386965713951,
      "revenue_growth": -22.1222718769416,
      "earnings_growth": -23.0129761449971
    }
  ],
  "metrics": {
    "revenue_trend": [
      {
        "date": "2025-07-28",
        "value": 30541431.651756
      },
      {
        "date": "2025-04-29",
        "value": 29014360.0691682
      },
      {
        "date": "2025-01-29",
        "value": 27563642.06570979
      },
      {
        "date": "2024-10-31",
        "value": 26185459.962424297
      },
      {
        "date": "2024-08-02",
        "value": 24876186.96430308
      },
      {
        "date": "2024-05-04",
        "value": 23632377.616087925
      },
      {
        "date": "2024-02-04",
        "value": 22450758.735283528
      },
      {
        "date": "2023-11-06",
        "value": 21328220.79851935
      }
    ],
    "eps_trend": [
      {
        "date": "2025-07-28",
        "value": 0.0016459472892480765
      },
      {
        "date": "2025-04-29",
        "value": 0.0015636499247856726
      },
      {
        "date": "2025-01-29",
        "value": 0.0014854674285463888
      },
      {
        "date": "2024-10-31",
        "value": 0.0014111940571190694
      },
      {
        "date": "2024-08-02",
        "value": 0.0013406343542631156
      },
      {
        "date": "2024-05-04",
        "value": 0.0012736026365499599
      },
      {
        "date": "2024-02-04",
        "value": 0.001209922504722462
      },
      {
        "date": "2023-11-06",
        "value": 0.0011494263794863387
      }
    ],
    "earnings_dates": [
      "2025-07-28",
      "2025-04-29",
      "2025-01-29",
      "2024-10-31",
      "2024-08-02",
      "2024-05-04",
      "2024-02-04",
      "2023-11-06"
    ]
  },
  "analysis": {
    "avg_revenue_growth": -17.975836823266285,
    "avg_earnings_surprise": 0.9079790456354269,
    "consistency_score": 77,
    "trend_direction": "declining"
  }
}