{
  "ticker": "RTX",
  "quarters": [
    {
      "date": "2025-07-28",
      "quarter": "Q3 2025",
      "revenue": 100411338193.01723,
      "earnings": 3655035875.810921,
      "eps_actual": 0.7473420617160113,
      "eps_estimate": 0.7611102591663711,
      "surprise_percent": -1.808962273802468,
      "price_on_date": 317.26924974894007,
      "revenue_growth": 44.51432428523431,
      "earnings_growth": 42.76079623520975
    },
    {
      "date": "2025-04-29",
      "quarter": "Q2 2025",
      "revenue": 95390771283.36636,
      "earnings": 3472284082.020375,
      "eps_actual": 0.7099749586302107,
      "eps_estimate": 0.702323342769987,
      "surprise_percent": 1.0894719560431296,
      "price_on_date": 317.936004011874,
      "revenue_growth": 36.35648312776415,
      "earnings_growth": 31.601530863349332
    },
    {
      "date": "2025-01-29",
      "quarter": "Q1 2025",
      "revenue": 90621232719.19804,
      "earnings": 3298669877.9193563,
      "eps_actual": 0.6744762106987002,
      "eps_estimate": 0.6758426813870065,
      "surprise_percent": -0.20218768745145732,
      "price_on_date": 333.9370269156508,
      "revenue_growth": 37.66803837020796,
      "earnings_growth": 50.79893614100006
    },
    {
      "date": "2024-10-31",
      "quarter": "Q4 2024",
      "revenue": 86090171083.23813,
      "earnings": 3133736384.023388,
      "eps_actual": 0.640752400163765,
      "eps_estimate": 0.641172138499029,
      "surprise_percent": -0.065464219366516,
      "price_on_date": 266.75602935776607,
      "revenue_growth": 36.07394594730417,
      "earnings_growth": 32.08082284150085
    },
    {
      "date": "2024-08-02",
      "quarter": "Q3 2024",
      "revenue": 81785662529.07623,
      "earnings": 2977049564.822219,
      "eps_actual": 0.6087147801555769,
      "eps_estimate": 0.5850386123444961,
      "surprise_percent": 4.0469410585056025,
      "price_on_date": 286.39837380777607,
      "revenue_growth": 38.12328228597508,
      "earnings_growth": 33.22495898144022
    },
    {
      "date": "2024-05-04",
      "quarter": "Q2 2024",
      "revenue": 77696379402.6224,
      "earnings": 2828197086.581107,
      "eps_actual": 0.5782790411477978,
      "eps_estimate": 0.5540617017449704,
      "surprise_percent": 4.370874096974576,
      "price_on_date": 244.65674494012103,
      "revenue_growth": 36.796000481488406,
      "earnings_growth": 45.90215289198595
    },
    {
      "date": "2024-02-04",
      "quarter": "Q1 2024",
      "revenue": 73811560432.49129,
      "earnings": 2686787232.252052,
      "eps_actual": 0.5493650890904079,
      "eps_estimate": 0.553310264424035,
      "surprise_percent": -0.7130132201204951,
      "price_on_date": 244.7649603380307,
      "revenue_growth": 44.32755233656462,
      "earnings_growth": 51.824874921990066
    },
    {
      "date": "2023-11-06",
      "quarter": "Q4 2023",
      "revenue": 70120982410.86671,
      "earnings": 2552447870.639449,
      "eps_actual": 0.5218968346358875,
      "eps_estimate": 0.5026033219244271,
      "surprise_percent": 3.8387157167181303,
      "price_on_date": 221.5210610739634,
      "revenue_growth": 32.47425308940301,
      "earnings_growth": 32.04303689184567
    }
  ],
  "metrics": {
    "revenue_trend": [
      {
        "date": "2025-07-28",
        "value": 100411338193.01723
      },
      {
        "date": "2025-04-29",
        "value": 95390771283.36636
      },
      {
        "date": "2025-01-29",
        "value": 90621232719.19804
      },
      {
        "date": "2024-10-31",
        "value": 86090171083.23813
      },
      {
        "date": "2024-08-02",
        "value": 81785662529.07623
      },
      {
        "date": "2024-05-04",
        "value": 77696379402.6224
      },
      {
        "date": "2024-02-04",
        "value": 73811560432.49129
      },
      {
        "date": "2023-11-06",
        "value": 70120982410.86671
      }
    ],
    "eps_trend": [
      {
        "date": "2025-07-28",
        "value": 0.7473420617160113
      },
      {
        "date": "2025-04-29",
        "value": 0.7099749586302107
      },
      {
        "date": "2025-01-29",
        "value": 0.6744762106987002
      },
      {
        "date": "2024-10-31",
        "value": 0.640752400163765
      },
      {
        "date": "2024-08-02",
        "value": 0.6087147801555769
      },
      {
        "date": "2024-05-04",
        "value": 0.5782790411477978
      },
      {
        "date": "2024-02-04",
        "value": 0.5493650890904079
      },
      {
        "date": "2023-11-06",
        "value": 0.5218968346358875
      }
    ],
    "earnings_dates": [
      "2025-07-28",
      "2025-04-29",
      "2025-01-29",
      "2024-10-31",
      "2024-08-02",
      "2024-05-04",
      "2024-02-04",
      "2023-11-06"
    ]
  },
  "analysis": {
    "avg_revenue_growth": 38.65319793262765,
    "avg_earnings_surprise": -0.24678555614432793,
    "consistency_score": 63,
    "trend_direction": "growing"
  }
}