{
  "ticker": "RVTY",
  "quarters": [
    {
      "date": "2025-07-28",
      "quarter": "Q3 2025",
      "revenue": 31727768.814886928,
      "earnings": 3080076.1690184907,
      "eps_actual": 0.0007070012732112985,
      "eps_estimate": 0.0006737317618630204,
      "surprise_percent": 4.938094540218856,
      "price_on_date": 0.2792763820657592,
      "revenue_growth": 20.469364146036785,
      "earnings_growth": 14.710619775779378
    },
    {
      "date": "2025-04-29",
      "quarter": "Q2 2025",
      "revenue": 30141380.37414258,
      "earnings": 2926072.360567566,
      "eps_actual": 0.0006716512095507335,
      "eps_estimate": 0.0006587365720223169,
      "surprise_percent": 1.9605162483644645,
      "price_on_date": 0.3022159517470236,
      "revenue_growth": 19.437916372750013,
      "earnings_growth": 15.958262331609042
    },
    {
      "date": "2025-01-29",
      "quarter": "Q1 2025",
      "revenue": 28634311.35543545,
      "earnings": 2779768.7425391874,
      "eps_actual": 0.0006380686490731968,
      "eps_estimate": 0.0006162432922712957,
      "surprise_percent": 3.5416785992848734,
      "price_on_date": 0.26271414873633003,
      "revenue_growth": 23.207148097752285,
      "earnings_growth": 19.697986654784334
    },
    {
      "date": "2024-10-31",
      "quarter": "Q4 2024",
      "revenue": 27202595.787663676,
      "earnings": 2640780.3054122278,
      "eps_actual": 0.0006061652166195369,
      "eps_estimate": 0.000576658470923002,
      "surprise_percent": 5.116849432438976,
      "price_on_date": 0.2696697211280665,
      "revenue_growth": 17.38204367295124,
      "earnings_growth": 23.57984625838226
    },
    {
      "date": "2024-08-02",
      "quarter": "Q3 2024",
      "revenue": 25842465.99828049,
      "earnings": 2508741.2901416165,
      "eps_actual": 0.0005758569557885601,
      "eps_estimate": 0.0005872247085722461,
      "surprise_percent": -1.9358437439264329,
      "price_on_date": 0.2648987047999081,
      "revenue_growth": 21.959457702967434,
      "earnings_growth": 18.771013306492787
    },
    {
      "date": "2024-05-04",
      "quarter": "Q2 2024",
      "revenue": 24550342.698366463,
      "earnings": 2383304.2256345353,
      "eps_actual": 0.000547064107999132,
      "eps_estimate": 0.0005472564048654006,
      "surprise_percent": -0.035138349146583044,
      "price_on_date": 0.2266560688587565,
      "revenue_growth": 22.134548217024253,
      "earnings_growth": 15.188588731831109
    },
    {
      "date": "2024-02-04",
      "quarter": "Q1 2024",
      "revenue": 23322825.563448142,
      "earnings": 2264139.0143528087,
      "eps_actual": 0.0005197109025991755,
      "eps_estimate": 0.0005138174540609015,
      "surprise_percent": 1.1469926705867524,
      "price_on_date": 0.23772982441632912,
      "revenue_growth": 23.509714442182347,
      "earnings_growth": 23.936130307988943
    },
    {
      "date": "2023-11-06",
      "quarter": "Q4 2023",
      "revenue": 22156684.28527573,
      "earnings": 2150932.063635168,
      "eps_actual": 0.0004937253574692166,
      "eps_estimate": 0.0004721590556207016,
      "surprise_percent": 4.567592549964738,
      "price_on_date": 0.20053022917718974,
      "revenue_growth": 17.780231018140682,
      "earnings_growth": 23.369736750216713
    }
  ],
  "metrics": {
    "revenue_trend": [
      {
        "date": "2025-07-28",
        "value": 31727768.814886928
      },
      {
        "date": "2025-04-29",
        "value": 30141380.37414258
      },
      {
        "date": "2025-01-29",
        "value": 28634311.35543545
      },
      {
        "date": "2024-10-31",
        "value": 27202595.787663676
      },
      {
        "date": "2024-08-02",
        "value": 25842465.99828049
      },
      {
        "date": "2024-05-04",
        "value": 24550342.698366463
      },
      {
        "date": "2024-02-04",
        "value": 23322825.563448142
      },
      {
        "date": "2023-11-06",
        "value": 22156684.28527573
      }
    ],
    "eps_trend": [
      {
        "date": "2025-07-28",
        "value": 0.0007070012732112985
      },
      {
        "date": "2025-04-29",
        "value": 0.0006716512095507335
      },
      {
        "date": "2025-01-29",
        "value": 0.0006380686490731968
      },
      {
        "date": "2024-10-31",
        "value": 0.0006061652166195369
      },
      {
        "date": "2024-08-02",
        "value": 0.0005758569557885601
      },
      {
        "date": "2024-05-04",
        "value": 0.000547064107999132
      },
      {
        "date": "2024-02-04",
        "value": 0.0005197109025991755
      },
      {
        "date": "2023-11-06",
        "value": 0.0004937253574692166
      }
    ],
    "earnings_dates": [
      "2025-07-28",
      "2025-04-29",
      "2025-01-29",
      "2024-10-31",
      "2024-08-02",
      "2024-05-04",
      "2024-02-04",
      "2023-11-06"
    ]
  },
  "analysis": {
    "avg_revenue_growth": 20.124118072372582,
    "avg_earnings_surprise": 3.8892847050767925,
    "consistency_score": 79,
    "trend_direction": "growing"
  }
}