{
  "ticker": "SBAC",
  "quarters": [
    {
      "date": "2025-07-28",
      "quarter": "Q3 2025",
      "revenue": 2181662317.8905697,
      "earnings": 85971320.66032596,
      "eps_actual": 0.07411681979934573,
      "eps_estimate": 0.07448240961178278,
      "surprise_percent": -0.49084047406975007,
      "price_on_date": 14.45641080582456,
      "revenue_growth": 48.91525054800978,
      "earnings_growth": 58.128484917147645
    },
    {
      "date": "2025-04-29",
      "quarter": "Q2 2025",
      "revenue": 2072579201.996041,
      "earnings": 81672754.62730965,
      "eps_actual": 0.07041097880937844,
      "eps_estimate": 0.06901809778306693,
      "surprise_percent": 2.018138823080169,
      "price_on_date": 13.693820718222462,
      "revenue_growth": 48.99227267584226,
      "earnings_growth": 44.4105227109924
    },
    {
      "date": "2025-01-29",
      "quarter": "Q1 2025",
      "revenue": 1968950241.896239,
      "earnings": 77589116.89594418,
      "eps_actual": 0.06689042986890953,
      "eps_estimate": 0.06699329371857404,
      "surprise_percent": -0.15354350257299676,
      "price_on_date": 14.128431364256606,
      "revenue_growth": 45.41272482981368,
      "earnings_growth": 36.78510977164327
    },
    {
      "date": "2024-10-31",
      "quarter": "Q4 2024",
      "revenue": 1870502729.801427,
      "earnings": 73709661.05114695,
      "eps_actual": 0.06354590837546403,
      "eps_estimate": 0.0629890036388655,
      "surprise_percent": 0.8841300932325075,
      "price_on_date": 13.553535843593911,
      "revenue_growth": 46.95810454487209,
      "earnings_growth": 39.58792814509531
    },
    {
      "date": "2024-08-02",
      "quarter": "Q3 2024",
      "revenue": 1776977593.3113556,
      "earnings": 70024177.9985896,
      "eps_actual": 0.06036861295669083,
      "eps_estimate": 0.06110301457652106,
      "surprise_percent": -1.2019073443758037,
      "price_on_date": 12.992194540806315,
      "revenue_growth": 48.63781678914991,
      "earnings_growth": 37.5080825441217
    },
    {
      "date": "2024-05-04",
      "quarter": "Q2 2024",
      "revenue": 1688128713.6457875,
      "earnings": 66522969.09866012,
      "eps_actual": 0.05735018230885629,
      "eps_estimate": 0.0556340200970863,
      "surprise_percent": 3.0847352191611095,
      "price_on_date": 10.842993790446798,
      "revenue_growth": 50.71710839439551,
      "earnings_growth": 37.477679097570544
    },
    {
      "date": "2024-02-04",
      "quarter": "Q1 2024",
      "revenue": 1603722277.963498,
      "earnings": 63196820.64372711,
      "eps_actual": 0.05448267319341347,
      "eps_estimate": 0.05472631851290519,
      "surprise_percent": -0.44520685131462606,
      "price_on_date": 11.401249272362541,
      "revenue_growth": 41.44590493820053,
      "earnings_growth": 54.030201257918606
    },
    {
      "date": "2023-11-06",
      "quarter": "Q4 2023",
      "revenue": 1523536164.065323,
      "earnings": 60036979.61154075,
      "eps_actual": 0.05175853953374279,
      "eps_estimate": 0.05072792697172771,
      "surprise_percent": 2.03164730659992,
      "price_on_date": 9.89263749830545,
      "revenue_growth": 57.194224684781965,
      "earnings_growth": 43.93875494371511
    }
  ],
  "metrics": {
    "revenue_trend": [
      {
        "date": "2025-07-28",
        "value": 2181662317.8905697
      },
      {
        "date": "2025-04-29",
        "value": 2072579201.996041
      },
      {
        "date": "2025-01-29",
        "value": 1968950241.896239
      },
      {
        "date": "2024-10-31",
        "value": 1870502729.801427
      },
      {
        "date": "2024-08-02",
        "value": 1776977593.3113556
      },
      {
        "date": "2024-05-04",
        "value": 1688128713.6457875
      },
      {
        "date": "2024-02-04",
        "value": 1603722277.963498
      },
      {
        "date": "2023-11-06",
        "value": 1523536164.065323
      }
    ],
    "eps_trend": [
      {
        "date": "2025-07-28",
        "value": 0.07411681979934573
      },
      {
        "date": "2025-04-29",
        "value": 0.07041097880937844
      },
      {
        "date": "2025-01-29",
        "value": 0.06689042986890953
      },
      {
        "date": "2024-10-31",
        "value": 0.06354590837546403
      },
      {
        "date": "2024-08-02",
        "value": 0.06036861295669083
      },
      {
        "date": "2024-05-04",
        "value": 0.05735018230885629
      },
      {
        "date": "2024-02-04",
        "value": 0.05448267319341347
      },
      {
        "date": "2023-11-06",
        "value": 0.05175853953374279
      }
    ],
    "earnings_dates": [
      "2025-07-28",
      "2025-04-29",
      "2025-01-29",
      "2024-10-31",
      "2024-08-02",
      "2024-05-04",
      "2024-02-04",
      "2023-11-06"
    ]
  },
  "analysis": {
    "avg_revenue_growth": 47.569588149634455,
    "avg_earnings_surprise": 0.5644712349174824,
    "consistency_score": 75,
    "trend_direction": "growing"
  }
}