{
  "ticker": "SBUX",
  "quarters": [
    {
      "date": "2025-07-28",
      "quarter": "Q3 2025",
      "revenue": 942604274.5248859,
      "earnings": 114684875.40538023,
      "eps_actual": 0.03362413177603077,
      "eps_estimate": 0.032694727053564535,
      "surprise_percent": 2.84267466415477,
      "price_on_date": 19.650357259041087,
      "revenue_growth": -19.557597856675585,
      "earnings_growth": -13.946579259889713
    },
    {
      "date": "2025-04-29",
      "quarter": "Q2 2025",
      "revenue": 895474060.7986416,
      "earnings": 108950631.63511121,
      "eps_actual": 0.03194292518722923,
      "eps_estimate": 0.030784946080086528,
      "surprise_percent": 3.761510915530719,
      "price_on_date": 21.222789257710506,
      "revenue_growth": -14.57671593280285,
      "earnings_growth": -21.73821531572074
    },
    {
      "date": "2025-01-29",
      "quarter": "Q1 2025",
      "revenue": 850700357.7587094,
      "earnings": 103503100.05335565,
      "eps_actual": 0.030345778927867766,
      "eps_estimate": 0.029798946159323735,
      "surprise_percent": 1.8350741855779809,
      "price_on_date": 19.968178189732267,
      "revenue_growth": -16.170932565521152,
      "earnings_growth": -19.87543485549306
    },
    {
      "date": "2024-10-31",
      "quarter": "Q4 2024",
      "revenue": 808165339.8707739,
      "earnings": 98327945.05068786,
      "eps_actual": 0.028828489981474376,
      "eps_estimate": 0.027589395227088663,
      "surprise_percent": 4.491199405375538,
      "price_on_date": 16.748458103044356,
      "revenue_growth": -20.754386880842635,
      "earnings_growth": -19.85415666702466
    },
    {
      "date": "2024-08-02",
      "quarter": "Q3 2024",
      "revenue": 767757072.8772352,
      "earnings": 93411547.79815346,
      "eps_actual": 0.027387065482400656,
      "eps_estimate": 0.0275615341161413,
      "surprise_percent": -0.6330149584760124,
      "price_on_date": 18.421257293563336,
      "revenue_growth": -20.662353882619108,
      "earnings_growth": -13.988298759905362
    },
    {
      "date": "2024-05-04",
      "quarter": "Q2 2024",
      "revenue": 729369219.2333734,
      "earnings": 88740970.40824579,
      "eps_actual": 0.02601771220828062,
      "eps_estimate": 0.025278969690768455,
      "surprise_percent": 2.922360074595701,
      "price_on_date": 14.95531339253081,
      "revenue_growth": -18.07629713515438,
      "earnings_growth": -17.43239471434497
    },
    {
      "date": "2024-02-04",
      "quarter": "Q1 2024",
      "revenue": 692900758.2717047,
      "earnings": 84303921.88783349,
      "eps_actual": 0.02471682659786659,
      "eps_estimate": 0.02492604075194031,
      "surprise_percent": -0.8393396935990828,
      "price_on_date": 15.524696973423078,
      "revenue_growth": -18.23669350961415,
      "earnings_growth": -17.92340694030342
    },
    {
      "date": "2023-11-06",
      "quarter": "Q4 2023",
      "revenue": 658255720.3581194,
      "earnings": 80088725.7934418,
      "eps_actual": 0.023480985267973254,
      "eps_estimate": 0.023013778117037004,
      "surprise_percent": 2.0301192987968317,
      "price_on_date": 15.935454234649585,
      "revenue_growth": -20.7755848336001,
      "earnings_growth": -17.12216671287017
    }
  ],
  "metrics": {
    "revenue_trend": [
      {
        "date": "2025-07-28",
        "value": 942604274.5248859
      },
      {
        "date": "2025-04-29",
        "value": 895474060.7986416
      },
      {
        "date": "2025-01-29",
        "value": 850700357.7587094
      },
      {
        "date": "2024-10-31",
        "value": 808165339.8707739
      },
      {
        "date": "2024-08-02",
        "value": 767757072.8772352
      },
      {
        "date": "2024-05-04",
        "value": 729369219.2333734
      },
      {
        "date": "2024-02-04",
        "value": 692900758.2717047
      },
      {
        "date": "2023-11-06",
        "value": 658255720.3581194
      }
    ],
    "eps_trend": [
      {
        "date": "2025-07-28",
        "value": 0.03362413177603077
      },
      {
        "date": "2025-04-29",
        "value": 0.03194292518722923
      },
      {
        "date": "2025-01-29",
        "value": 0.030345778927867766
      },
      {
        "date": "2024-10-31",
        "value": 0.028828489981474376
      },
      {
        "date": "2024-08-02",
        "value": 0.027387065482400656
      },
      {
        "date": "2024-05-04",
        "value": 0.02601771220828062
      },
      {
        "date": "2024-02-04",
        "value": 0.02471682659786659
      },
      {
        "date": "2023-11-06",
        "value": 0.023480985267973254
      }
    ],
    "earnings_dates": [
      "2025-07-28",
      "2025-04-29",
      "2025-01-29",
      "2024-10-31",
      "2024-08-02",
      "2024-05-04",
      "2024-02-04",
      "2023-11-06"
    ]
  },
  "analysis": {
    "avg_revenue_growth": -17.764908308960553,
    "avg_earnings_surprise": 3.232614792659752,
    "consistency_score": 85,
    "trend_direction": "declining"
  }
}