{
  "ticker": "SCHW",
  "quarters": [
    {
      "date": "2025-07-28",
      "quarter": "Q3 2025",
      "revenue": 954135397.9762089,
      "earnings": 83318555.79009074,
      "eps_actual": 0.026258449825577023,
      "eps_estimate": 0.02663978764212569,
      "surprise_percent": -1.4314596710435321,
      "price_on_date": 22.368707526575875,
      "revenue_growth": 0.4428852989141613,
      "earnings_growth": 0.2948006101839453
    },
    {
      "date": "2025-04-29",
      "quarter": "Q2 2025",
      "revenue": 906428628.0773984,
      "earnings": 79152628.0005862,
      "eps_actual": 0.02494552733429817,
      "eps_estimate": 0.024572882895066556,
      "surprise_percent": 1.5164864489971168,
      "price_on_date": 21.70093348813821,
      "revenue_growth": 0.41712576381699895,
      "earnings_growth": 0.34185460702872
    },
    {
      "date": "2025-01-29",
      "quarter": "Q1 2025",
      "revenue": 861107196.6735286,
      "earnings": 75194996.6005569,
      "eps_actual": 0.023698250967583264,
      "eps_estimate": 0.02351802560926214,
      "surprise_percent": 0.7663286081725625,
      "price_on_date": 17.85516643561507,
      "revenue_growth": 0.4162635049998041,
      "earnings_growth": 0.3426731285413813
    },
    {
      "date": "2024-10-31",
      "quarter": "Q4 2024",
      "revenue": 818051836.839852,
      "earnings": 71435246.77052903,
      "eps_actual": 0.022513338419204096,
      "eps_estimate": 0.02185573596699326,
      "surprise_percent": 3.008832341331138,
      "price_on_date": 18.48174231860228,
      "revenue_growth": 0.38581794049016277,
      "earnings_growth": 0.34461406643236575
    },
    {
      "date": "2024-08-02",
      "quarter": "Q3 2024",
      "revenue": 777149244.9978594,
      "earnings": 67863484.43200257,
      "eps_actual": 0.021387671498243888,
      "eps_estimate": 0.02127965008035745,
      "surprise_percent": 0.5076277921794782,
      "price_on_date": 18.912883555565056,
      "revenue_growth": 0.41838831439906665,
      "earnings_growth": 0.2883575755506417
    },
    {
      "date": "2024-05-04",
      "quarter": "Q2 2024",
      "revenue": 738291782.7479663,
      "earnings": 64470310.21040244,
      "eps_actual": 0.02031828792333169,
      "eps_estimate": 0.01987024315901962,
      "surprise_percent": 2.2548529513524898,
      "price_on_date": 15.64149631142908,
      "revenue_growth": 0.3492293106507725,
      "earnings_growth": 0.48150969837340335
    },
    {
      "date": "2024-02-04",
      "quarter": "Q1 2024",
      "revenue": 701377193.610568,
      "earnings": 61246794.69988232,
      "eps_actual": 0.019302373527165108,
      "eps_estimate": 0.018475175681374925,
      "surprise_percent": 4.477347658588665,
      "price_on_date": 17.413002751188113,
      "revenue_growth": 0.3603844672381611,
      "earnings_growth": 0.33523772570628774
    },
    {
      "date": "2023-11-06",
      "quarter": "Q4 2023",
      "revenue": 666308333.9300395,
      "earnings": 58184454.9648882,
      "eps_actual": 0.018337254850806853,
      "eps_estimate": 0.018193186261149536,
      "surprise_percent": 0.791882123281322,
      "price_on_date": 14.285564883900758,
      "revenue_growth": 0.3589507691130667,
      "earnings_growth": 0.4142239373746502
    }
  ],
  "metrics": {
    "revenue_trend": [
      {
        "date": "2025-07-28",
        "value": 954135397.9762089
      },
      {
        "date": "2025-04-29",
        "value": 906428628.0773984
      },
      {
        "date": "2025-01-29",
        "value": 861107196.6735286
      },
      {
        "date": "2024-10-31",
        "value": 818051836.839852
      },
      {
        "date": "2024-08-02",
        "value": 777149244.9978594
      },
      {
        "date": "2024-05-04",
        "value": 738291782.7479663
      },
      {
        "date": "2024-02-04",
        "value": 701377193.610568
      },
      {
        "date": "2023-11-06",
        "value": 666308333.9300395
      }
    ],
    "eps_trend": [
      {
        "date": "2025-07-28",
        "value": 0.026258449825577023
      },
      {
        "date": "2025-04-29",
        "value": 0.02494552733429817
      },
      {
        "date": "2025-01-29",
        "value": 0.023698250967583264
      },
      {
        "date": "2024-10-31",
        "value": 0.022513338419204096
      },
      {
        "date": "2024-08-02",
        "value": 0.021387671498243888
      },
      {
        "date": "2024-05-04",
        "value": 0.02031828792333169
      },
      {
        "date": "2024-02-04",
        "value": 0.019302373527165108
      },
      {
        "date": "2023-11-06",
        "value": 0.018337254850806853
      }
    ],
    "earnings_dates": [
      "2025-07-28",
      "2025-04-29",
      "2025-01-29",
      "2024-10-31",
      "2024-08-02",
      "2024-05-04",
      "2024-02-04",
      "2023-11-06"
    ]
  },
  "analysis": {
    "avg_revenue_growth": 0.41552312705528177,
    "avg_earnings_surprise": 0.9650469318643213,
    "consistency_score": 61,
    "trend_direction": "stable"
  }
}