{
  "ticker": "SHOP",
  "quarters": [
    {
      "date": "2025-07-28",
      "quarter": "Q3 2025",
      "revenue": 1026930829.470895,
      "earnings": 98023399.44235979,
      "eps_actual": 0.4697384928619039,
      "eps_estimate": 0.44855129875358807,
      "surprise_percent": 4.723471800703673,
      "price_on_date": 383.31512578439265,
      "revenue_growth": 19.584966383203366,
      "earnings_growth": 14.69328541732471
    },
    {
      "date": "2025-04-29",
      "quarter": "Q2 2025",
      "revenue": 975584287.9973502,
      "earnings": 93122229.4702418,
      "eps_actual": 0.4462515682188087,
      "eps_estimate": 0.42960355294487584,
      "surprise_percent": 3.8752042807404368,
      "price_on_date": 324.02503720420077,
      "revenue_growth": 14.558685432775734,
      "earnings_growth": 15.076902909938793
    },
    {
      "date": "2025-01-29",
      "quarter": "Q1 2025",
      "revenue": 926805073.5974828,
      "earnings": 88466117.99672972,
      "eps_actual": 0.42393898980786826,
      "eps_estimate": 0.42709782056767726,
      "surprise_percent": -0.7396035773749521,
      "price_on_date": 343.48914009879326,
      "revenue_growth": 21.066318379353504,
      "earnings_growth": 19.753229114334758
    },
    {
      "date": "2024-10-31",
      "quarter": "Q4 2024",
      "revenue": 880464819.9176085,
      "earnings": 84042812.0968932,
      "eps_actual": 0.40274204031747474,
      "eps_estimate": 0.3841727763975883,
      "surprise_percent": 4.833571002612828,
      "price_on_date": 329.89984757027025,
      "revenue_growth": 19.762377124509072,
      "earnings_growth": 19.66923340894221
    },
    {
      "date": "2024-08-02",
      "quarter": "Q3 2024",
      "revenue": 836441578.9217281,
      "earnings": 79840671.49204856,
      "eps_actual": 0.3826049383016011,
      "eps_estimate": 0.38625563026340815,
      "surprise_percent": -0.9451491902700454,
      "price_on_date": 292.7178550122562,
      "revenue_growth": 17.584425826497053,
      "earnings_growth": 16.37243835780187
    },
    {
      "date": "2024-05-04",
      "quarter": "Q2 2024",
      "revenue": 794619499.9756416,
      "earnings": 75848637.91744612,
      "eps_actual": 0.36347469138652094,
      "eps_estimate": 0.3631441576383232,
      "surprise_percent": 0.09101998235283353,
      "price_on_date": 286.31004619387056,
      "revenue_growth": 17.39650579104088,
      "earnings_growth": 12.919733629325195
    },
    {
      "date": "2024-02-04",
      "quarter": "Q1 2024",
      "revenue": 754888524.9768595,
      "earnings": 72056206.0215738,
      "eps_actual": 0.3453009568171948,
      "eps_estimate": 0.33482084862939665,
      "surprise_percent": 3.130064400320028,
      "price_on_date": 239.11999670973705,
      "revenue_growth": 19.40461187163841,
      "earnings_growth": 15.03026165436133
    },
    {
      "date": "2023-11-06",
      "quarter": "Q4 2023",
      "revenue": 717144098.7280165,
      "earnings": 68453395.72049512,
      "eps_actual": 0.32803590897633517,
      "eps_estimate": 0.333055578063687,
      "surprise_percent": -1.5071565882592692,
      "price_on_date": 232.5184734040323,
      "revenue_growth": 20.45309223232745,
      "earnings_growth": 21.989398310175734
    }
  ],
  "metrics": {
    "revenue_trend": [
      {
        "date": "2025-07-28",
        "value": 1026930829.470895
      },
      {
        "date": "2025-04-29",
        "value": 975584287.9973502
      },
      {
        "date": "2025-01-29",
        "value": 926805073.5974828
      },
      {
        "date": "2024-10-31",
        "value": 880464819.9176085
      },
      {
        "date": "2024-08-02",
        "value": 836441578.9217281
      },
      {
        "date": "2024-05-04",
        "value": 794619499.9756416
      },
      {
        "date": "2024-02-04",
        "value": 754888524.9768595
      },
      {
        "date": "2023-11-06",
        "value": 717144098.7280165
      }
    ],
    "eps_trend": [
      {
        "date": "2025-07-28",
        "value": 0.4697384928619039
      },
      {
        "date": "2025-04-29",
        "value": 0.4462515682188087
      },
      {
        "date": "2025-01-29",
        "value": 0.42393898980786826
      },
      {
        "date": "2024-10-31",
        "value": 0.40274204031747474
      },
      {
        "date": "2024-08-02",
        "value": 0.3826049383016011
      },
      {
        "date": "2024-05-04",
        "value": 0.36347469138652094
      },
      {
        "date": "2024-02-04",
        "value": 0.3453009568171948
      },
      {
        "date": "2023-11-06",
        "value": 0.32803590897633517
      }
    ],
    "earnings_dates": [
      "2025-07-28",
      "2025-04-29",
      "2025-01-29",
      "2024-10-31",
      "2024-08-02",
      "2024-05-04",
      "2024-02-04",
      "2023-11-06"
    ]
  },
  "analysis": {
    "avg_revenue_growth": 18.74308682996042,
    "avg_earnings_surprise": 3.1731608766704964,
    "consistency_score": 64,
    "trend_direction": "growing"
  }
}