{
  "ticker": "SHW",
  "quarters": [
    {
      "date": "2025-07-28",
      "quarter": "Q3 2025",
      "revenue": 20575814.646916643,
      "earnings": 1859692.7912358297,
      "eps_actual": 0.0021569798116973533,
      "eps_estimate": 0.0021477798036660294,
      "surprise_percent": 0.42834968536441453,
      "price_on_date": 1.9291153631861215,
      "revenue_growth": 22.3849424562803,
      "earnings_growth": 22.01871539973061
    },
    {
      "date": "2025-04-29",
      "quarter": "Q2 2025",
      "revenue": 19547023.91457081,
      "earnings": 1766708.151674038,
      "eps_actual": 0.0020491308211124854,
      "eps_estimate": 0.0020321244590794144,
      "surprise_percent": 0.8368760071307435,
      "price_on_date": 1.8293679936254217,
      "revenue_growth": 26.139686495580943,
      "earnings_growth": 31.459253466405357
    },
    {
      "date": "2025-01-29",
      "quarter": "Q1 2025",
      "revenue": 18569672.718842268,
      "earnings": 1678372.7440903361,
      "eps_actual": 0.0019466742800568612,
      "eps_estimate": 0.0018845400477226083,
      "surprise_percent": 3.2970502489103186,
      "price_on_date": 1.7154258357768573,
      "revenue_growth": 31.20620467569437,
      "earnings_growth": 27.072324015886892
    },
    {
      "date": "2024-10-31",
      "quarter": "Q4 2024",
      "revenue": 17641189.082900155,
      "earnings": 1594454.1068858195,
      "eps_actual": 0.0018493405660540182,
      "eps_estimate": 0.0018592490037664367,
      "surprise_percent": -0.5329268802804862,
      "price_on_date": 1.531463039979966,
      "revenue_growth": 31.927195578861568,
      "earnings_growth": 31.847247739056414
    },
    {
      "date": "2024-08-02",
      "quarter": "Q3 2024",
      "revenue": 16759129.628755147,
      "earnings": 1514731.4015415283,
      "eps_actual": 0.0017568735377513172,
      "eps_estimate": 0.0016806772649677606,
      "surprise_percent": 4.533664753596709,
      "price_on_date": 1.4065477715293544,
      "revenue_growth": 31.88309998491993,
      "earnings_growth": 25.932892996347896
    },
    {
      "date": "2024-05-04",
      "quarter": "Q2 2024",
      "revenue": 15921173.147317387,
      "earnings": 1438994.8314644517,
      "eps_actual": 0.001669029860863751,
      "eps_estimate": 0.0016209039447144535,
      "surprise_percent": 2.969078846789751,
      "price_on_date": 1.5232864858822543,
      "revenue_growth": 22.749250229813164,
      "earnings_growth": 28.471361250049043
    },
    {
      "date": "2024-02-04",
      "quarter": "Q1 2024",
      "revenue": 15125114.489951517,
      "earnings": 1367045.089891229,
      "eps_actual": 0.0015855783678205633,
      "eps_estimate": 0.0015389255122912626,
      "surprise_percent": 3.031521354132378,
      "price_on_date": 1.4373589170573655,
      "revenue_growth": 26.230856426786552,
      "earnings_growth": 26.01940589292109
    },
    {
      "date": "2023-11-06",
      "quarter": "Q4 2023",
      "revenue": 14368858.76545394,
      "earnings": 1298692.8353966675,
      "eps_actual": 0.001506299449429535,
      "eps_estimate": 0.0014400717657209567,
      "surprise_percent": 4.598915504424332,
      "price_on_date": 1.2310328583336219,
      "revenue_growth": 32.209156829970695,
      "earnings_growth": 33.22631085877515
    }
  ],
  "metrics": {
    "revenue_trend": [
      {
        "date": "2025-07-28",
        "value": 20575814.646916643
      },
      {
        "date": "2025-04-29",
        "value": 19547023.91457081
      },
      {
        "date": "2025-01-29",
        "value": 18569672.718842268
      },
      {
        "date": "2024-10-31",
        "value": 17641189.082900155
      },
      {
        "date": "2024-08-02",
        "value": 16759129.628755147
      },
      {
        "date": "2024-05-04",
        "value": 15921173.147317387
      },
      {
        "date": "2024-02-04",
        "value": 15125114.489951517
      },
      {
        "date": "2023-11-06",
        "value": 14368858.76545394
      }
    ],
    "eps_trend": [
      {
        "date": "2025-07-28",
        "value": 0.0021569798116973533
      },
      {
        "date": "2025-04-29",
        "value": 0.0020491308211124854
      },
      {
        "date": "2025-01-29",
        "value": 0.0019466742800568612
      },
      {
        "date": "2024-10-31",
        "value": 0.0018493405660540182
      },
      {
        "date": "2024-08-02",
        "value": 0.0017568735377513172
      },
      {
        "date": "2024-05-04",
        "value": 0.001669029860863751
      },
      {
        "date": "2024-02-04",
        "value": 0.0015855783678205633
      },
      {
        "date": "2023-11-06",
        "value": 0.001506299449429535
      }
    ],
    "earnings_dates": [
      "2025-07-28",
      "2025-04-29",
      "2025-01-29",
      "2024-10-31",
      "2024-08-02",
      "2024-05-04",
      "2024-02-04",
      "2023-11-06"
    ]
  },
  "analysis": {
    "avg_revenue_growth": 27.914507301604296,
    "avg_earnings_surprise": 1.0073372652812476,
    "consistency_score": 74,
    "trend_direction": "growing"
  }
}