{
  "ticker": "SJM",
  "quarters": [
    {
      "date": "2025-07-28",
      "quarter": "Q3 2025",
      "revenue": 19171376.06676719,
      "earnings": 1027283.8153460673,
      "eps_actual": 0.00023264735863431292,
      "eps_estimate": 0.0002370160647529341,
      "surprise_percent": -1.8432109752455517,
      "price_on_date": 0.3250866928366753,
      "revenue_growth": -2.6967232531026877,
      "earnings_growth": -3.301924148424805
    },
    {
      "date": "2025-04-29",
      "quarter": "Q2 2025",
      "revenue": 18212807.26342883,
      "earnings": 975919.6245787638,
      "eps_actual": 0.00022101499070259725,
      "eps_estimate": 0.0002099999157377697,
      "surprise_percent": 5.24527589743524,
      "price_on_date": 0.3047308060154725,
      "revenue_growth": -2.3664970434069206,
      "earnings_growth": -2.8019493083330502
    },
    {
      "date": "2025-01-29",
      "quarter": "Q1 2025",
      "revenue": 17302166.900257386,
      "earnings": 927123.6433498256,
      "eps_actual": 0.00020996424116746738,
      "eps_estimate": 0.00020905519716087217,
      "surprise_percent": 0.43483444513254027,
      "price_on_date": 0.29294435072736524,
      "revenue_growth": -3.0488617655681836,
      "earnings_growth": -2.93768291366907
    },
    {
      "date": "2024-10-31",
      "quarter": "Q4 2024",
      "revenue": 16437058.555244517,
      "earnings": 880767.4611823343,
      "eps_actual": 0.000199466029109094,
      "eps_estimate": 0.00019469297943440375,
      "surprise_percent": 2.4515777038064095,
      "price_on_date": 0.30776101414413726,
      "revenue_growth": -2.628297447415596,
      "earnings_growth": -3.494917100886109
    },
    {
      "date": "2024-08-02",
      "quarter": "Q3 2024",
      "revenue": 15615205.627482291,
      "earnings": 836729.0881232176,
      "eps_actual": 0.00018949272765363928,
      "eps_estimate": 0.0001914538905397158,
      "surprise_percent": -1.0243525898313783,
      "price_on_date": 0.27911163685042106,
      "revenue_growth": -2.6400662544004025,
      "earnings_growth": -2.8943775324861454
    },
    {
      "date": "2024-05-04",
      "quarter": "Q2 2024",
      "revenue": 14834445.346108174,
      "earnings": 794892.6337170566,
      "eps_actual": 0.00018001809127095731,
      "eps_estimate": 0.00018153022052542226,
      "surprise_percent": -0.832990369365621,
      "price_on_date": 0.26571856508062675,
      "revenue_growth": -2.7637138041356373,
      "earnings_growth": -2.8607530644512997
    },
    {
      "date": "2024-02-04",
      "quarter": "Q1 2024",
      "revenue": 14092723.078802766,
      "earnings": 755148.0020312038,
      "eps_actual": 0.00017101718670740944,
      "eps_estimate": 0.00017000831869824697,
      "surprise_percent": 0.5934227318329899,
      "price_on_date": 0.2778913574988991,
      "revenue_growth": -3.1518925893157426,
      "earnings_growth": -3.4637120228663343
    },
    {
      "date": "2023-11-06",
      "quarter": "Q4 2023",
      "revenue": 13388086.924862625,
      "earnings": 717390.6019296434,
      "eps_actual": 0.00016246632737203893,
      "eps_estimate": 0.00016377181896967065,
      "surprise_percent": -0.7971405616942466,
      "price_on_date": 0.2640023089225747,
      "revenue_growth": -3.046791472715771,
      "earnings_growth": -2.5255113383328682
    }
  ],
  "metrics": {
    "revenue_trend": [
      {
        "date": "2025-07-28",
        "value": 19171376.06676719
      },
      {
        "date": "2025-04-29",
        "value": 18212807.26342883
      },
      {
        "date": "2025-01-29",
        "value": 17302166.900257386
      },
      {
        "date": "2024-10-31",
        "value": 16437058.555244517
      },
      {
        "date": "2024-08-02",
        "value": 15615205.627482291
      },
      {
        "date": "2024-05-04",
        "value": 14834445.346108174
      },
      {
        "date": "2024-02-04",
        "value": 14092723.078802766
      },
      {
        "date": "2023-11-06",
        "value": 13388086.924862625
      }
    ],
    "eps_trend": [
      {
        "date": "2025-07-28",
        "value": 0.00023264735863431292
      },
      {
        "date": "2025-04-29",
        "value": 0.00022101499070259725
      },
      {
        "date": "2025-01-29",
        "value": 0.00020996424116746738
      },
      {
        "date": "2024-10-31",
        "value": 0.000199466029109094
      },
      {
        "date": "2024-08-02",
        "value": 0.00018949272765363928
      },
      {
        "date": "2024-05-04",
        "value": 0.00018001809127095731
      },
      {
        "date": "2024-02-04",
        "value": 0.00017101718670740944
      },
      {
        "date": "2023-11-06",
        "value": 0.00016246632737203893
      }
    ],
    "earnings_dates": [
      "2025-07-28",
      "2025-04-29",
      "2025-01-29",
      "2024-10-31",
      "2024-08-02",
      "2024-05-04",
      "2024-02-04",
      "2023-11-06"
    ]
  },
  "analysis": {
    "avg_revenue_growth": -2.685094877373347,
    "avg_earnings_surprise": 1.5721192677821594,
    "consistency_score": 79,
    "trend_direction": "stable"
  }
}