{
  "ticker": "SLB",
  "quarters": [
    {
      "date": "2025-07-28",
      "quarter": "Q3 2025",
      "revenue": 667892176.7800921,
      "earnings": 40109894.15360552,
      "eps_actual": 0.026152030825072767,
      "eps_estimate": 0.02508442082615555,
      "surprise_percent": 4.256067964718639,
      "price_on_date": 42.07762745762961,
      "revenue_growth": -10.101822408449197,
      "earnings_growth": -10.283672491689474
    },
    {
      "date": "2025-04-29",
      "quarter": "Q2 2025",
      "revenue": 634497567.9410875,
      "earnings": 38104399.44592524,
      "eps_actual": 0.024844429283819126,
      "eps_estimate": 0.025147475038229335,
      "surprise_percent": -1.2050742826049845,
      "price_on_date": 44.28631120584375,
      "revenue_growth": -10.958199847157822,
      "earnings_growth": -11.184383655490143
    },
    {
      "date": "2025-01-29",
      "quarter": "Q1 2025",
      "revenue": 602772689.5440332,
      "earnings": 36199179.47362898,
      "eps_actual": 0.02360220781962817,
      "eps_estimate": 0.023467813402922862,
      "surprise_percent": 0.5726754955728859,
      "price_on_date": 43.20415178058744,
      "revenue_growth": -9.063680215766079,
      "earnings_growth": -7.966474466686296
    },
    {
      "date": "2024-10-31",
      "quarter": "Q4 2024",
      "revenue": 572634055.0668314,
      "earnings": 34389220.499947526,
      "eps_actual": 0.022422097428646755,
      "eps_estimate": 0.021828365983581663,
      "surprise_percent": 2.719999497496383,
      "price_on_date": 42.7539071520857,
      "revenue_growth": -9.268951302904128,
      "earnings_growth": -9.672437599502619
    },
    {
      "date": "2024-08-02",
      "quarter": "Q3 2024",
      "revenue": 544002352.3134898,
      "earnings": 32669759.47495015,
      "eps_actual": 0.021300992557214418,
      "eps_estimate": 0.021297635025095043,
      "surprise_percent": 0.015764811986960642,
      "price_on_date": 39.04920420208227,
      "revenue_growth": -10.097290555277656,
      "earnings_growth": -8.711012665360942
    },
    {
      "date": "2024-05-04",
      "quarter": "Q2 2024",
      "revenue": 516802234.69781524,
      "earnings": 31036271.50120264,
      "eps_actual": 0.020235942929353698,
      "eps_estimate": 0.020068283815844926,
      "surprise_percent": 0.83544320504575,
      "price_on_date": 34.91133310157837,
      "revenue_growth": -10.151698566460963,
      "earnings_growth": -10.318125824500981
    },
    {
      "date": "2024-02-04",
      "quarter": "Q1 2024",
      "revenue": 490962122.9629245,
      "earnings": 29484457.926142506,
      "eps_actual": 0.01922414578288601,
      "eps_estimate": 0.018981812993283095,
      "surprise_percent": 1.27665776545511,
      "price_on_date": 32.62049064546001,
      "revenue_growth": -8.396570502974145,
      "earnings_growth": -9.825552275178385
    },
    {
      "date": "2023-11-06",
      "quarter": "Q4 2023",
      "revenue": 466414016.8147782,
      "earnings": 28010235.029835377,
      "eps_actual": 0.018262938493741707,
      "eps_estimate": 0.017591229613775166,
      "surprise_percent": 3.8184305174468616,
      "price_on_date": 34.8446006364331,
      "revenue_growth": -8.701399279362809,
      "earnings_growth": -9.196956314543216
    }
  ],
  "metrics": {
    "revenue_trend": [
      {
        "date": "2025-07-28",
        "value": 667892176.7800921
      },
      {
        "date": "2025-04-29",
        "value": 634497567.9410875
      },
      {
        "date": "2025-01-29",
        "value": 602772689.5440332
      },
      {
        "date": "2024-10-31",
        "value": 572634055.0668314
      },
      {
        "date": "2024-08-02",
        "value": 544002352.3134898
      },
      {
        "date": "2024-05-04",
        "value": 516802234.69781524
      },
      {
        "date": "2024-02-04",
        "value": 490962122.9629245
      },
      {
        "date": "2023-11-06",
        "value": 466414016.8147782
      }
    ],
    "eps_trend": [
      {
        "date": "2025-07-28",
        "value": 0.026152030825072767
      },
      {
        "date": "2025-04-29",
        "value": 0.024844429283819126
      },
      {
        "date": "2025-01-29",
        "value": 0.02360220781962817
      },
      {
        "date": "2024-10-31",
        "value": 0.022422097428646755
      },
      {
        "date": "2024-08-02",
        "value": 0.021300992557214418
      },
      {
        "date": "2024-05-04",
        "value": 0.020235942929353698
      },
      {
        "date": "2024-02-04",
        "value": 0.01922414578288601
      },
      {
        "date": "2023-11-06",
        "value": 0.018262938493741707
      }
    ],
    "earnings_dates": [
      "2025-07-28",
      "2025-04-29",
      "2025-01-29",
      "2024-10-31",
      "2024-08-02",
      "2024-05-04",
      "2024-02-04",
      "2023-11-06"
    ]
  },
  "analysis": {
    "avg_revenue_growth": -9.848163443569305,
    "avg_earnings_surprise": 1.585917168795731,
    "consistency_score": 84,
    "trend_direction": "declining"
  }
}