{
  "ticker": "SMCI",
  "quarters": [
    {
      "date": "2025-07-28",
      "quarter": "Q3 2025",
      "revenue": 110054437.96505696,
      "earnings": 1984982.7930035405,
      "eps_actual": 0.001515655536329139,
      "eps_estimate": 0.0015414410860018367,
      "surprise_percent": -1.6728209664879141,
      "price_on_date": 1.083281944032909,
      "revenue_growth": -10.256315021337754,
      "earnings_growth": -8.225818852355962
    },
    {
      "date": "2025-04-29",
      "quarter": "Q2 2025",
      "revenue": 104551716.0668041,
      "earnings": 1885733.653353363,
      "eps_actual": 0.0014398727595126817,
      "eps_estimate": 0.0013751593863133547,
      "surprise_percent": 4.705881648585927,
      "price_on_date": 1.0384009281176905,
      "revenue_growth": -8.48490551989769,
      "earnings_growth": -10.366334532393322
    },
    {
      "date": "2025-01-29",
      "quarter": "Q1 2025",
      "revenue": 99324130.2634639,
      "earnings": 1791446.970685695,
      "eps_actual": 0.0013678791215370478,
      "eps_estimate": 0.00136696610732171,
      "surprise_percent": 0.06679128403020254,
      "price_on_date": 1.0063759441667453,
      "revenue_growth": -10.387292570857033,
      "earnings_growth": -11.761873886114287
    },
    {
      "date": "2024-10-31",
      "quarter": "Q4 2024",
      "revenue": 94357923.75029069,
      "earnings": 1701874.6221514102,
      "eps_actual": 0.0012994851654601952,
      "eps_estimate": 0.001321177430183842,
      "surprise_percent": -1.641888835523659,
      "price_on_date": 0.8793447934834466,
      "revenue_growth": -8.496591050874885,
      "earnings_growth": -10.079393279075783
    },
    {
      "date": "2024-08-02",
      "quarter": "Q3 2024",
      "revenue": 89640027.56277616,
      "earnings": 1616780.8910438397,
      "eps_actual": 0.0012345109071871855,
      "eps_estimate": 0.001247815117819885,
      "surprise_percent": -1.0662004685392685,
      "price_on_date": 0.8232830613745618,
      "revenue_growth": -9.401555855762263,
      "earnings_growth": -9.58734252204243
    },
    {
      "date": "2024-05-04",
      "quarter": "Q2 2024",
      "revenue": 85158026.18463734,
      "earnings": 1535941.8464916474,
      "eps_actual": 0.001172785361827826,
      "eps_estimate": 0.0011820964949301857,
      "surprise_percent": -0.7876796134912563,
      "price_on_date": 0.8570644397867109,
      "revenue_growth": -7.790043230773447,
      "earnings_growth": -9.99996967731481
    },
    {
      "date": "2024-02-04",
      "quarter": "Q1 2024",
      "revenue": 80900124.87540548,
      "earnings": 1459144.7541670653,
      "eps_actual": 0.001114146093736435,
      "eps_estimate": 0.0010921415559492767,
      "surprise_percent": 2.0148063835948626,
      "price_on_date": 0.841475395062069,
      "revenue_growth": -10.60474446133628,
      "earnings_growth": -6.922658906400829
    },
    {
      "date": "2023-11-06",
      "quarter": "Q4 2023",
      "revenue": 76855118.63163519,
      "earnings": 1386187.5164587116,
      "eps_actual": 0.0010584387890496128,
      "eps_estimate": 0.0010581042997343149,
      "surprise_percent": 0.03161213080619359,
      "price_on_date": 0.7295420553583866,
      "revenue_growth": -9.80951754982052,
      "earnings_growth": -11.817188766809402
    }
  ],
  "metrics": {
    "revenue_trend": [
      {
        "date": "2025-07-28",
        "value": 110054437.96505696
      },
      {
        "date": "2025-04-29",
        "value": 104551716.0668041
      },
      {
        "date": "2025-01-29",
        "value": 99324130.2634639
      },
      {
        "date": "2024-10-31",
        "value": 94357923.75029069
      },
      {
        "date": "2024-08-02",
        "value": 89640027.56277616
      },
      {
        "date": "2024-05-04",
        "value": 85158026.18463734
      },
      {
        "date": "2024-02-04",
        "value": 80900124.87540548
      },
      {
        "date": "2023-11-06",
        "value": 76855118.63163519
      }
    ],
    "eps_trend": [
      {
        "date": "2025-07-28",
        "value": 0.001515655536329139
      },
      {
        "date": "2025-04-29",
        "value": 0.0014398727595126817
      },
      {
        "date": "2025-01-29",
        "value": 0.0013678791215370478
      },
      {
        "date": "2024-10-31",
        "value": 0.0012994851654601952
      },
      {
        "date": "2024-08-02",
        "value": 0.0012345109071871855
      },
      {
        "date": "2024-05-04",
        "value": 0.001172785361827826
      },
      {
        "date": "2024-02-04",
        "value": 0.001114146093736435
      },
      {
        "date": "2023-11-06",
        "value": 0.0010584387890496128
      }
    ],
    "earnings_dates": [
      "2025-07-28",
      "2025-04-29",
      "2025-01-29",
      "2024-10-31",
      "2024-08-02",
      "2024-05-04",
      "2024-02-04",
      "2023-11-06"
    ]
  },
  "analysis": {
    "avg_revenue_growth": -9.40627604074184,
    "avg_earnings_surprise": 0.3644907826511391,
    "consistency_score": 71,
    "trend_direction": "declining"
  }
}