{
  "ticker": "SNA",
  "quarters": [
    {
      "date": "2025-07-28",
      "quarter": "Q3 2025",
      "revenue": 45134403.64007893,
      "earnings": 2266629.4820248308,
      "eps_actual": 0.0016687453353543612,
      "eps_estimate": 0.0016812057955125422,
      "surprise_percent": -0.7411620987412947,
      "price_on_date": 1.4409884907178654,
      "revenue_growth": 45.411288049294576,
      "earnings_growth": 48.70833651868112
    },
    {
      "date": "2025-04-29",
      "quarter": "Q2 2025",
      "revenue": 42877683.45807499,
      "earnings": 2153298.0079235896,
      "eps_actual": 0.0015853080685866434,
      "eps_estimate": 0.001535838130587336,
      "surprise_percent": 3.2210385335588163,
      "price_on_date": 1.4947559070527587,
      "revenue_growth": 43.90222497087359,
      "earnings_growth": 35.433885088322924
    },
    {
      "date": "2025-01-29",
      "quarter": "Q1 2025",
      "revenue": 40733799.28517123,
      "earnings": 2045633.1075274097,
      "eps_actual": 0.001506042665157311,
      "eps_estimate": 0.0014723024356126954,
      "surprise_percent": 2.29166431627715,
      "price_on_date": 1.3322221758389208,
      "revenue_growth": 39.162347314545904,
      "earnings_growth": 44.563510734202595
    },
    {
      "date": "2024-10-31",
      "quarter": "Q4 2024",
      "revenue": 38697109.32091267,
      "earnings": 1943351.452151039,
      "eps_actual": 0.001430740531899445,
      "eps_estimate": 0.0014034637807977754,
      "surprise_percent": 1.9435308181707893,
      "price_on_date": 1.3648440756394742,
      "revenue_growth": 48.30241933362568,
      "earnings_growth": 50.08901449255196
    },
    {
      "date": "2024-08-02",
      "quarter": "Q3 2024",
      "revenue": 36762253.85486703,
      "earnings": 1846183.879543487,
      "eps_actual": 0.001359203505304473,
      "eps_estimate": 0.0013729221523883929,
      "surprise_percent": -0.9992297859025987,
      "price_on_date": 1.11137540717689,
      "revenue_growth": 35.992144885599025,
      "earnings_growth": 53.210769390986165
    },
    {
      "date": "2024-05-04",
      "quarter": "Q2 2024",
      "revenue": 34924141.16212368,
      "earnings": 1753874.6855663126,
      "eps_actual": 0.0012912433300392493,
      "eps_estimate": 0.001248999577836789,
      "surprise_percent": 3.3822070841388516,
      "price_on_date": 1.02734540610982,
      "revenue_growth": 42.587000445343676,
      "earnings_growth": 53.89666402535847
    },
    {
      "date": "2024-02-04",
      "quarter": "Q1 2024",
      "revenue": 33177934.104017496,
      "earnings": 1666180.951287997,
      "eps_actual": 0.0012266811635372867,
      "eps_estimate": 0.0012433690407007737,
      "surprise_percent": -1.3421499665201275,
      "price_on_date": 1.1322238313429827,
      "revenue_growth": 41.5496302816815,
      "earnings_growth": 45.4916365999977
    },
    {
      "date": "2023-11-06",
      "quarter": "Q4 2023",
      "revenue": 31519037.398816615,
      "earnings": 1582871.9037235968,
      "eps_actual": 0.0011653471053604222,
      "eps_estimate": 0.0011160301630432387,
      "surprise_percent": 4.4189614179157966,
      "price_on_date": 1.0017160639942222,
      "revenue_growth": 52.87411615771683,
      "earnings_growth": 33.8162339538127
    }
  ],
  "metrics": {
    "revenue_trend": [
      {
        "date": "2025-07-28",
        "value": 45134403.64007893
      },
      {
        "date": "2025-04-29",
        "value": 42877683.45807499
      },
      {
        "date": "2025-01-29",
        "value": 40733799.28517123
      },
      {
        "date": "2024-10-31",
        "value": 38697109.32091267
      },
      {
        "date": "2024-08-02",
        "value": 36762253.85486703
      },
      {
        "date": "2024-05-04",
        "value": 34924141.16212368
      },
      {
        "date": "2024-02-04",
        "value": 33177934.104017496
      },
      {
        "date": "2023-11-06",
        "value": 31519037.398816615
      }
    ],
    "eps_trend": [
      {
        "date": "2025-07-28",
        "value": 0.0016687453353543612
      },
      {
        "date": "2025-04-29",
        "value": 0.0015853080685866434
      },
      {
        "date": "2025-01-29",
        "value": 0.001506042665157311
      },
      {
        "date": "2024-10-31",
        "value": 0.001430740531899445
      },
      {
        "date": "2024-08-02",
        "value": 0.001359203505304473
      },
      {
        "date": "2024-05-04",
        "value": 0.0012912433300392493
      },
      {
        "date": "2024-02-04",
        "value": 0.0012266811635372867
      },
      {
        "date": "2023-11-06",
        "value": 0.0011653471053604222
      }
    ],
    "earnings_dates": [
      "2025-07-28",
      "2025-04-29",
      "2025-01-29",
      "2024-10-31",
      "2024-08-02",
      "2024-05-04",
      "2024-02-04",
      "2023-11-06"
    ]
  },
  "analysis": {
    "avg_revenue_growth": 44.194569917084934,
    "avg_earnings_surprise": 1.6787678923163654,
    "consistency_score": 91,
    "trend_direction": "growing"
  }
}