{
  "ticker": "SNAP",
  "quarters": [
    {
      "date": "2025-07-28",
      "quarter": "Q3 2025",
      "revenue": 639070690.1937454,
      "earnings": 30465323.744371872,
      "eps_actual": 0.04709184357549035,
      "eps_estimate": 0.047015531604116166,
      "surprise_percent": 0.16231225888660153,
      "price_on_date": 56.5733491669578,
      "revenue_growth": -7.933371450061203,
      "earnings_growth": -8.671003266837909
    },
    {
      "date": "2025-04-29",
      "quarter": "Q2 2025",
      "revenue": 607117155.6840581,
      "earnings": 28942057.557153277,
      "eps_actual": 0.04473725139671583,
      "eps_estimate": 0.044061098274673936,
      "surprise_percent": 1.5345807265783593,
      "price_on_date": 53.57940296084393,
      "revenue_growth": -9.352827537008363,
      "earnings_growth": -9.571258286015015
    },
    {
      "date": "2025-01-29",
      "quarter": "Q1 2025",
      "revenue": 576761297.8998551,
      "earnings": 27494954.67929561,
      "eps_actual": 0.04250038882688004,
      "eps_estimate": 0.042069041776824655,
      "surprise_percent": 1.0253312931244518,
      "price_on_date": 50.78223127348086,
      "revenue_growth": -9.923267209878027,
      "earnings_growth": -11.480315885656706
    },
    {
      "date": "2024-10-31",
      "quarter": "Q4 2024",
      "revenue": 547923233.0048624,
      "earnings": 26120206.945330832,
      "eps_actual": 0.040375369385536035,
      "eps_estimate": 0.04108852000932436,
      "surprise_percent": -1.735644466207312,
      "price_on_date": 47.72070875262885,
      "revenue_growth": -8.106155255465591,
      "earnings_growth": -10.110333238871489
    },
    {
      "date": "2024-08-02",
      "quarter": "Q3 2024",
      "revenue": 520527071.35461926,
      "earnings": 24814196.59806429,
      "eps_actual": 0.03835660091625923,
      "eps_estimate": 0.03814959805115731,
      "surprise_percent": 0.5426082466828133,
      "price_on_date": 45.89601642818556,
      "revenue_growth": -7.513352241332227,
      "earnings_growth": -11.479149380501687
    },
    {
      "date": "2024-05-04",
      "quarter": "Q2 2024",
      "revenue": 494500717.7868882,
      "earnings": 23573486.76816107,
      "eps_actual": 0.036438770870446266,
      "eps_estimate": 0.03686227502266808,
      "surprise_percent": -1.148882297583063,
      "price_on_date": 49.19130094098766,
      "revenue_growth": -9.927877676948283,
      "earnings_growth": -8.412859352032374
    },
    {
      "date": "2024-02-04",
      "quarter": "Q1 2024",
      "revenue": 469775681.8975438,
      "earnings": 22394812.429753017,
      "eps_actual": 0.03461683232692395,
      "eps_estimate": 0.033311358155046975,
      "surprise_percent": 3.919006141390809,
      "price_on_date": 40.53038637553151,
      "revenue_growth": -7.93229831096964,
      "earnings_growth": -10.218685606321184
    },
    {
      "date": "2023-11-06",
      "quarter": "Q4 2023",
      "revenue": 446286897.80266654,
      "earnings": 21275071.808265362,
      "eps_actual": 0.032885990710577746,
      "eps_estimate": 0.0315298261948844,
      "surprise_percent": 4.301211517345383,
      "price_on_date": 42.18057344213816,
      "revenue_growth": -9.865284668610332,
      "earnings_growth": -9.2099521573606
    }
  ],
  "metrics": {
    "revenue_trend": [
      {
        "date": "2025-07-28",
        "value": 639070690.1937454
      },
      {
        "date": "2025-04-29",
        "value": 607117155.6840581
      },
      {
        "date": "2025-01-29",
        "value": 576761297.8998551
      },
      {
        "date": "2024-10-31",
        "value": 547923233.0048624
      },
      {
        "date": "2024-08-02",
        "value": 520527071.35461926
      },
      {
        "date": "2024-05-04",
        "value": 494500717.7868882
      },
      {
        "date": "2024-02-04",
        "value": 469775681.8975438
      },
      {
        "date": "2023-11-06",
        "value": 446286897.80266654
      }
    ],
    "eps_trend": [
      {
        "date": "2025-07-28",
        "value": 0.04709184357549035
      },
      {
        "date": "2025-04-29",
        "value": 0.04473725139671583
      },
      {
        "date": "2025-01-29",
        "value": 0.04250038882688004
      },
      {
        "date": "2024-10-31",
        "value": 0.040375369385536035
      },
      {
        "date": "2024-08-02",
        "value": 0.03835660091625923
      },
      {
        "date": "2024-05-04",
        "value": 0.036438770870446266
      },
      {
        "date": "2024-02-04",
        "value": 0.03461683232692395
      },
      {
        "date": "2023-11-06",
        "value": 0.032885990710577746
      }
    ],
    "earnings_dates": [
      "2025-07-28",
      "2025-04-29",
      "2025-01-29",
      "2024-10-31",
      "2024-08-02",
      "2024-05-04",
      "2024-02-04",
      "2023-11-06"
    ]
  },
  "analysis": {
    "avg_revenue_growth": -8.828905363103296,
    "avg_earnings_surprise": 0.24664495309552514,
    "consistency_score": 68,
    "trend_direction": "declining"
  }
}