{
  "ticker": "SNOW",
  "quarters": [
    {
      "date": "2025-07-28",
      "quarter": "Q3 2025",
      "revenue": 1503310149.6530068,
      "earnings": 211943949.1320327,
      "eps_actual": 0.0496552096416277,
      "eps_estimate": 0.048633849427065765,
      "surprise_percent": 2.1001015272164083,
      "price_on_date": 6.348834097952752,
      "revenue_growth": -6.386354274280724,
      "earnings_growth": -9.274619179908626
    },
    {
      "date": "2025-04-29",
      "quarter": "Q2 2025",
      "revenue": 1428144642.1703563,
      "earnings": 201346751.67543104,
      "eps_actual": 0.04717244915954631,
      "eps_estimate": 0.044896423069489294,
      "surprise_percent": 5.069504282188038,
      "price_on_date": 5.684829343818527,
      "revenue_growth": -6.726254649831132,
      "earnings_growth": -6.588145527160347
    },
    {
      "date": "2025-01-29",
      "quarter": "Q1 2025",
      "revenue": 1356737410.0618386,
      "earnings": 191279414.09165952,
      "eps_actual": 0.044813826701569,
      "eps_estimate": 0.0433257861213378,
      "surprise_percent": 3.4345379817548065,
      "price_on_date": 6.420934746597655,
      "revenue_growth": -8.613774025245823,
      "earnings_growth": -5.171325276949423
    },
    {
      "date": "2024-10-31",
      "quarter": "Q4 2024",
      "revenue": 1288900539.5587466,
      "earnings": 181715443.38707653,
      "eps_actual": 0.042573135366490544,
      "eps_estimate": 0.041688990416007765,
      "surprise_percent": 2.1208116139538,
      "price_on_date": 6.11767645717035,
      "revenue_growth": -6.343640275323794,
      "earnings_growth": -6.790290799500303
    },
    {
      "date": "2024-08-02",
      "quarter": "Q3 2024",
      "revenue": 1224455512.580809,
      "earnings": 172629671.21772268,
      "eps_actual": 0.040444478598166016,
      "eps_estimate": 0.04115690293188981,
      "surprise_percent": -1.7309959763074967,
      "price_on_date": 5.333428610267955,
      "revenue_growth": -8.063580222425234,
      "earnings_growth": -7.3140951030410974
    },
    {
      "date": "2024-05-04",
      "quarter": "Q2 2024",
      "revenue": 1163232736.9517686,
      "earnings": 163998187.65683654,
      "eps_actual": 0.03842225466825771,
      "eps_estimate": 0.0375438826569866,
      "surprise_percent": 2.3395875682230582,
      "price_on_date": 5.150799147818695,
      "revenue_growth": -7.740314570409493,
      "earnings_growth": -8.564192387760173
    },
    {
      "date": "2024-02-04",
      "quarter": "Q1 2024",
      "revenue": 1105071100.10418,
      "earnings": 155798278.27399468,
      "eps_actual": 0.03650114193484482,
      "eps_estimate": 0.0358153806887533,
      "surprise_percent": 1.9147115929075242,
      "price_on_date": 5.105197274591875,
      "revenue_growth": -8.200123581548869,
      "earnings_growth": -7.108191686464467
    },
    {
      "date": "2023-11-06",
      "quarter": "Q4 2023",
      "revenue": 1049817545.098971,
      "earnings": 148008364.36029494,
      "eps_actual": 0.034676084838102576,
      "eps_estimate": 0.033779873279168815,
      "surprise_percent": 2.6530933124797484,
      "price_on_date": 4.687457510406525,
      "revenue_growth": -7.643710159724181,
      "earnings_growth": -5.738931618492922
    }
  ],
  "metrics": {
    "revenue_trend": [
      {
        "date": "2025-07-28",
        "value": 1503310149.6530068
      },
      {
        "date": "2025-04-29",
        "value": 1428144642.1703563
      },
      {
        "date": "2025-01-29",
        "value": 1356737410.0618386
      },
      {
        "date": "2024-10-31",
        "value": 1288900539.5587466
      },
      {
        "date": "2024-08-02",
        "value": 1224455512.580809
      },
      {
        "date": "2024-05-04",
        "value": 1163232736.9517686
      },
      {
        "date": "2024-02-04",
        "value": 1105071100.10418
      },
      {
        "date": "2023-11-06",
        "value": 1049817545.098971
      }
    ],
    "eps_trend": [
      {
        "date": "2025-07-28",
        "value": 0.0496552096416277
      },
      {
        "date": "2025-04-29",
        "value": 0.04717244915954631
      },
      {
        "date": "2025-01-29",
        "value": 0.044813826701569
      },
      {
        "date": "2024-10-31",
        "value": 0.042573135366490544
      },
      {
        "date": "2024-08-02",
        "value": 0.040444478598166016
      },
      {
        "date": "2024-05-04",
        "value": 0.03842225466825771
      },
      {
        "date": "2024-02-04",
        "value": 0.03650114193484482
      },
      {
        "date": "2023-11-06",
        "value": 0.034676084838102576
      }
    ],
    "earnings_dates": [
      "2025-07-28",
      "2025-04-29",
      "2025-01-29",
      "2024-10-31",
      "2024-08-02",
      "2024-05-04",
      "2024-02-04",
      "2023-11-06"
    ]
  },
  "analysis": {
    "avg_revenue_growth": -7.017505806170368,
    "avg_earnings_surprise": 3.181238851278263,
    "consistency_score": 60,
    "trend_direction": "declining"
  }
}