{
  "ticker": "SNPS",
  "quarters": [
    {
      "date": "2025-07-28",
      "quarter": "Q3 2025",
      "revenue": 75611939.70084608,
      "earnings": 16682080.398047898,
      "eps_actual": 0.00662581522135986,
      "eps_estimate": 0.0066652609349602335,
      "surprise_percent": -0.5918104930217336,
      "price_on_date": 0.15200559448159556,
      "revenue_growth": 24.217131887255732,
      "earnings_growth": 31.42382268856685
    },
    {
      "date": "2025-04-29",
      "quarter": "Q2 2025",
      "revenue": 71831342.71580377,
      "earnings": 15847976.378145503,
      "eps_actual": 0.006294524460291867,
      "eps_estimate": 0.006045519171544746,
      "surprise_percent": 4.118840444988536,
      "price_on_date": 0.1612172967354721,
      "revenue_growth": 32.552485527510235,
      "earnings_growth": 28.246357678622644
    },
    {
      "date": "2025-01-29",
      "quarter": "Q1 2025",
      "revenue": 68239775.58001359,
      "earnings": 15055577.559238229,
      "eps_actual": 0.005979798237277275,
      "eps_estimate": 0.00603988063084285,
      "surprise_percent": -0.9947612748961085,
      "price_on_date": 0.1365653647876282,
      "revenue_growth": 30.50782556027858,
      "earnings_growth": 27.046894678587254
    },
    {
      "date": "2024-10-31",
      "quarter": "Q4 2024",
      "revenue": 64827786.801012896,
      "earnings": 14302798.681276316,
      "eps_actual": 0.0056808083254134105,
      "eps_estimate": 0.005531949582669777,
      "surprise_percent": 2.690891168096877,
      "price_on_date": 0.13902278804420432,
      "revenue_growth": 28.39564980631102,
      "earnings_growth": 28.446933494200916
    },
    {
      "date": "2024-08-02",
      "quarter": "Q3 2024",
      "revenue": 61586397.46096225,
      "earnings": 13587658.7472125,
      "eps_actual": 0.00539676790914274,
      "eps_estimate": 0.005171966721824614,
      "surprise_percent": 4.3465319753414455,
      "price_on_date": 0.11853195636452504,
      "revenue_growth": 22.58308600524989,
      "earnings_growth": 29.87156573998623
    },
    {
      "date": "2024-05-04",
      "quarter": "Q2 2024",
      "revenue": 58507077.58791413,
      "earnings": 12908275.809851872,
      "eps_actual": 0.0051269295136856016,
      "eps_estimate": 0.005050674772261048,
      "surprise_percent": 1.5097931437469314,
      "price_on_date": 0.1109821923633507,
      "revenue_growth": 25.57799064819459,
      "earnings_growth": 21.951368296032364
    },
    {
      "date": "2024-02-04",
      "quarter": "Q1 2024",
      "revenue": 55581723.70851842,
      "earnings": 12262862.01935928,
      "eps_actual": 0.004870583038001322,
      "eps_estimate": 0.004752496165018868,
      "surprise_percent": 2.484733682725352,
      "price_on_date": 0.11427625621617196,
      "revenue_growth": 24.701336784571243,
      "earnings_growth": 34.30637082392168
    },
    {
      "date": "2023-11-06",
      "quarter": "Q4 2023",
      "revenue": 52802637.52309249,
      "earnings": 11649718.918391313,
      "eps_actual": 0.004627053886101255,
      "eps_estimate": 0.004536956147787135,
      "surprise_percent": 1.985863106877599,
      "price_on_date": 0.09808740054174364,
      "revenue_growth": 28.62527489666187,
      "earnings_growth": 28.451317682338985
    }
  ],
  "metrics": {
    "revenue_trend": [
      {
        "date": "2025-07-28",
        "value": 75611939.70084608
      },
      {
        "date": "2025-04-29",
        "value": 71831342.71580377
      },
      {
        "date": "2025-01-29",
        "value": 68239775.58001359
      },
      {
        "date": "2024-10-31",
        "value": 64827786.801012896
      },
      {
        "date": "2024-08-02",
        "value": 61586397.46096225
      },
      {
        "date": "2024-05-04",
        "value": 58507077.58791413
      },
      {
        "date": "2024-02-04",
        "value": 55581723.70851842
      },
      {
        "date": "2023-11-06",
        "value": 52802637.52309249
      }
    ],
    "eps_trend": [
      {
        "date": "2025-07-28",
        "value": 0.00662581522135986
      },
      {
        "date": "2025-04-29",
        "value": 0.006294524460291867
      },
      {
        "date": "2025-01-29",
        "value": 0.005979798237277275
      },
      {
        "date": "2024-10-31",
        "value": 0.0056808083254134105
      },
      {
        "date": "2024-08-02",
        "value": 0.00539676790914274
      },
      {
        "date": "2024-05-04",
        "value": 0.0051269295136856016
      },
      {
        "date": "2024-02-04",
        "value": 0.004870583038001322
      },
      {
        "date": "2023-11-06",
        "value": 0.004627053886101255
      }
    ],
    "earnings_dates": [
      "2025-07-28",
      "2025-04-29",
      "2025-01-29",
      "2024-10-31",
      "2024-08-02",
      "2024-05-04",
      "2024-02-04",
      "2023-11-06"
    ]
  },
  "analysis": {
    "avg_revenue_growth": 28.91827319533889,
    "avg_earnings_surprise": 1.3057899612918928,
    "consistency_score": 80,
    "trend_direction": "growing"
  }
}