{
  "ticker": "SO",
  "quarters": [
    {
      "date": "2025-07-28",
      "quarter": "Q3 2025",
      "revenue": 93672930.8357103,
      "earnings": 7840213.743723704,
      "eps_actual": 0.0018427060812384955,
      "eps_estimate": 0.0018332376911199938,
      "surprise_percent": 0.5164845870432128,
      "price_on_date": 0.32671139102873,
      "revenue_growth": 42.78555426184104,
      "earnings_growth": 26.305766511219264
    },
    {
      "date": "2025-04-29",
      "quarter": "Q2 2025",
      "revenue": 88989284.29392478,
      "earnings": 7448203.056537517,
      "eps_actual": 0.0017505707771765704,
      "eps_estimate": 0.0017328046560888472,
      "surprise_percent": 1.0252812413271963,
      "price_on_date": 0.3152826196139614,
      "revenue_growth": 39.38664147193417,
      "earnings_growth": 44.55124787550061
    },
    {
      "date": "2025-01-29",
      "quarter": "Q1 2025",
      "revenue": 84539820.07922855,
      "earnings": 7075792.903710643,
      "eps_actual": 0.0016630422383177423,
      "eps_estimate": 0.001691687115590706,
      "surprise_percent": -1.6932727694719958,
      "price_on_date": 0.34256978866146126,
      "revenue_growth": 42.54772685644562,
      "earnings_growth": 38.742718633216576
    },
    {
      "date": "2024-10-31",
      "quarter": "Q4 2024",
      "revenue": 80312829.0752671,
      "earnings": 6722003.258525109,
      "eps_actual": 0.0015798901264018547,
      "eps_estimate": 0.0015577917679020874,
      "surprise_percent": 1.4185694747589837,
      "price_on_date": 0.29959492646037844,
      "revenue_growth": 40.658997379071465,
      "earnings_growth": 44.2815354693408
    },
    {
      "date": "2024-08-02",
      "quarter": "Q3 2024",
      "revenue": 76297187.62150376,
      "earnings": 6385903.095598854,
      "eps_actual": 0.0015008956200817621,
      "eps_estimate": 0.001456480975272997,
      "surprise_percent": 3.049449018751535,
      "price_on_date": 0.27966716466111,
      "revenue_growth": 29.686096076431713,
      "earnings_growth": 32.56405377449059
    },
    {
      "date": "2024-05-04",
      "quarter": "Q2 2024",
      "revenue": 72482328.24042855,
      "earnings": 6066607.94081891,
      "eps_actual": 0.0014258508390776737,
      "eps_estimate": 0.0014090953874185928,
      "surprise_percent": 1.189092790217428,
      "price_on_date": 0.2717127150106705,
      "revenue_growth": 42.6090387127468,
      "earnings_growth": 37.59276761079184
    },
    {
      "date": "2024-02-04",
      "quarter": "Q1 2024",
      "revenue": 68858211.82840712,
      "earnings": 5763277.543777964,
      "eps_actual": 0.0013545582971237898,
      "eps_estimate": 0.001355473812043638,
      "surprise_percent": -0.0675420588515651,
      "price_on_date": 0.24144340643796114,
      "revenue_growth": 42.470662017080016,
      "earnings_growth": 44.4883509231377
    },
    {
      "date": "2023-11-06",
      "quarter": "Q4 2023",
      "revenue": 65415301.236986764,
      "earnings": 5475113.666589065,
      "eps_actual": 0.0012868303822676003,
      "eps_estimate": 0.001234364255948661,
      "surprise_percent": 4.250457356172935,
      "price_on_date": 0.23601376493376341,
      "revenue_growth": 39.03132392567483,
      "earnings_growth": 27.22318531842477
    }
  ],
  "metrics": {
    "revenue_trend": [
      {
        "date": "2025-07-28",
        "value": 93672930.8357103
      },
      {
        "date": "2025-04-29",
        "value": 88989284.29392478
      },
      {
        "date": "2025-01-29",
        "value": 84539820.07922855
      },
      {
        "date": "2024-10-31",
        "value": 80312829.0752671
      },
      {
        "date": "2024-08-02",
        "value": 76297187.62150376
      },
      {
        "date": "2024-05-04",
        "value": 72482328.24042855
      },
      {
        "date": "2024-02-04",
        "value": 68858211.82840712
      },
      {
        "date": "2023-11-06",
        "value": 65415301.236986764
      }
    ],
    "eps_trend": [
      {
        "date": "2025-07-28",
        "value": 0.0018427060812384955
      },
      {
        "date": "2025-04-29",
        "value": 0.0017505707771765704
      },
      {
        "date": "2025-01-29",
        "value": 0.0016630422383177423
      },
      {
        "date": "2024-10-31",
        "value": 0.0015798901264018547
      },
      {
        "date": "2024-08-02",
        "value": 0.0015008956200817621
      },
      {
        "date": "2024-05-04",
        "value": 0.0014258508390776737
      },
      {
        "date": "2024-02-04",
        "value": 0.0013545582971237898
      },
      {
        "date": "2023-11-06",
        "value": 0.0012868303822676003
      }
    ],
    "earnings_dates": [
      "2025-07-28",
      "2025-04-29",
      "2025-01-29",
      "2024-10-31",
      "2024-08-02",
      "2024-05-04",
      "2024-02-04",
      "2023-11-06"
    ]
  },
  "analysis": {
    "avg_revenue_growth": 41.344729992323074,
    "avg_earnings_surprise": 0.3167656334143492,
    "consistency_score": 76,
    "trend_direction": "growing"
  }
}