{
  "ticker": "SOFI",
  "quarters": [
    {
      "date": "2025-07-28",
      "quarter": "Q3 2025",
      "revenue": 970680206.136819,
      "earnings": 57023437.37492079,
      "eps_actual": 0.01911838861249874,
      "eps_estimate": 0.018398014828820294,
      "surprise_percent": 3.9154973532795885,
      "price_on_date": 9.410708311868675,
      "revenue_growth": -2.49406263909362,
      "earnings_growth": -1.7262797677542754
    },
    {
      "date": "2025-04-29",
      "quarter": "Q2 2025",
      "revenue": 922146195.829978,
      "earnings": 54172265.50617475,
      "eps_actual": 0.0181624691818738,
      "eps_estimate": 0.017260905052534428,
      "surprise_percent": 5.223156761452644,
      "price_on_date": 9.482404823936905,
      "revenue_growth": -2.2148737223913972,
      "earnings_growth": -1.587308481495022
    },
    {
      "date": "2025-01-29",
      "quarter": "Q1 2025",
      "revenue": 876038886.0384791,
      "earnings": 51463652.230866015,
      "eps_actual": 0.01725434572278011,
      "eps_estimate": 0.016680352753553614,
      "surprise_percent": 3.4411320774029317,
      "price_on_date": 9.895174434073953,
      "revenue_growth": -2.023816302169914,
      "earnings_growth": -2.1087027514858803
    },
    {
      "date": "2024-10-31",
      "quarter": "Q4 2024",
      "revenue": 832236941.7365551,
      "earnings": 48890469.61932271,
      "eps_actual": 0.016391628436641104,
      "eps_estimate": 0.016692820878110175,
      "surprise_percent": -1.8043232097699857,
      "price_on_date": 8.850437843510017,
      "revenue_growth": -2.6004303890268865,
      "earnings_growth": -1.7670179960309482
    },
    {
      "date": "2024-08-02",
      "quarter": "Q3 2024",
      "revenue": 790625094.6497273,
      "earnings": 46445946.138356574,
      "eps_actual": 0.015572047014809048,
      "eps_estimate": 0.015614633168294282,
      "surprise_percent": -0.27273233399876246,
      "price_on_date": 9.231779685314764,
      "revenue_growth": -2.095728095033505,
      "earnings_growth": -2.555775017944315
    },
    {
      "date": "2024-05-04",
      "quarter": "Q2 2024",
      "revenue": 751093839.9172409,
      "earnings": 44123648.83143874,
      "eps_actual": 0.014793444664068595,
      "eps_estimate": 0.014441960481136393,
      "surprise_percent": 2.4337705631537934,
      "price_on_date": 8.844803197182399,
      "revenue_growth": -1.9617132420212455,
      "earnings_growth": -1.5594564224165997
    },
    {
      "date": "2024-02-04",
      "quarter": "Q1 2024",
      "revenue": 713539147.9213789,
      "earnings": 41917466.38986681,
      "eps_actual": 0.014053772430865166,
      "eps_estimate": 0.01416571530398239,
      "surprise_percent": -0.7902380551566943,
      "price_on_date": 8.006987967048431,
      "revenue_growth": -1.888135877366423,
      "earnings_growth": -1.7838059940993976
    },
    {
      "date": "2023-11-06",
      "quarter": "Q4 2023",
      "revenue": 677862190.5253098,
      "earnings": 39821593.07037346,
      "eps_actual": 0.013351083809321906,
      "eps_estimate": 0.013607807665843207,
      "surprise_percent": -1.8865923359991328,
      "price_on_date": 7.913343093234201,
      "revenue_growth": -2.3576464986668753,
      "earnings_growth": -1.7733678562735142
    }
  ],
  "metrics": {
    "revenue_trend": [
      {
        "date": "2025-07-28",
        "value": 970680206.136819
      },
      {
        "date": "2025-04-29",
        "value": 922146195.829978
      },
      {
        "date": "2025-01-29",
        "value": 876038886.0384791
      },
      {
        "date": "2024-10-31",
        "value": 832236941.7365551
      },
      {
        "date": "2024-08-02",
        "value": 790625094.6497273
      },
      {
        "date": "2024-05-04",
        "value": 751093839.9172409
      },
      {
        "date": "2024-02-04",
        "value": 713539147.9213789
      },
      {
        "date": "2023-11-06",
        "value": 677862190.5253098
      }
    ],
    "eps_trend": [
      {
        "date": "2025-07-28",
        "value": 0.01911838861249874
      },
      {
        "date": "2025-04-29",
        "value": 0.0181624691818738
      },
      {
        "date": "2025-01-29",
        "value": 0.01725434572278011
      },
      {
        "date": "2024-10-31",
        "value": 0.016391628436641104
      },
      {
        "date": "2024-08-02",
        "value": 0.015572047014809048
      },
      {
        "date": "2024-05-04",
        "value": 0.014793444664068595
      },
      {
        "date": "2024-02-04",
        "value": 0.014053772430865166
      },
      {
        "date": "2023-11-06",
        "value": 0.013351083809321906
      }
    ],
    "earnings_dates": [
      "2025-07-28",
      "2025-04-29",
      "2025-01-29",
      "2024-10-31",
      "2024-08-02",
      "2024-05-04",
      "2024-02-04",
      "2023-11-06"
    ]
  },
  "analysis": {
    "avg_revenue_growth": -2.3332957631704545,
    "avg_earnings_surprise": 2.6938657455912947,
    "consistency_score": 85,
    "trend_direction": "stable"
  }
}