{
  "ticker": "SOLV",
  "quarters": [
    {
      "date": "2025-07-28",
      "quarter": "Q3 2025",
      "revenue": 72341247.49345034,
      "earnings": 10164013.92384193,
      "eps_actual": 0.0022023613553572427,
      "eps_estimate": 0.0022408296140133148,
      "surprise_percent": -1.7166971739174597,
      "price_on_date": 0.41745684203653716,
      "revenue_growth": -7.1980069064285,
      "earnings_growth": -6.564089491328771
    },
    {
      "date": "2025-04-29",
      "quarter": "Q2 2025",
      "revenue": 68724185.11877783,
      "earnings": 9655813.227649834,
      "eps_actual": 0.0020922432875893804,
      "eps_estimate": 0.00201060774128129,
      "surprise_percent": 4.060242315393996,
      "price_on_date": 0.4364877938211679,
      "revenue_growth": -8.074354832208579,
      "earnings_growth": -8.985811084831042
    },
    {
      "date": "2025-01-29",
      "quarter": "Q1 2025",
      "revenue": 65287975.86283893,
      "earnings": 9173022.566267341,
      "eps_actual": 0.001987631123209911,
      "eps_estimate": 0.001894749938917685,
      "surprise_percent": 4.902028620477569,
      "price_on_date": 0.39653133215137093,
      "revenue_growth": -6.196879482784351,
      "earnings_growth": -6.608039255337606
    },
    {
      "date": "2024-10-31",
      "quarter": "Q4 2024",
      "revenue": 62023577.06969698,
      "earnings": 8714371.437953973,
      "eps_actual": 0.0018882495670494153,
      "eps_estimate": 0.0018184291067914042,
      "surprise_percent": 3.8396030946297635,
      "price_on_date": 0.3772331010019567,
      "revenue_growth": -7.8230125313727825,
      "earnings_growth": -9.468046764788951
    },
    {
      "date": "2024-08-02",
      "quarter": "Q3 2024",
      "revenue": 58922398.21621213,
      "earnings": 8278652.866056276,
      "eps_actual": 0.0017938370886969447,
      "eps_estimate": 0.0018246915927936974,
      "surprise_percent": -1.6909435116930012,
      "price_on_date": 0.3639122514784887,
      "revenue_growth": -7.258926791540034,
      "earnings_growth": -7.050633486200466
    },
    {
      "date": "2024-05-04",
      "quarter": "Q2 2024",
      "revenue": 55976278.30540151,
      "earnings": 7864720.22275346,
      "eps_actual": 0.0017041452342620971,
      "eps_estimate": 0.001637341199209813,
      "surprise_percent": 4.080031399962576,
      "price_on_date": 0.31791130583256766,
      "revenue_growth": -6.043185292759427,
      "earnings_growth": -8.972439356650847
    },
    {
      "date": "2024-02-04",
      "quarter": "Q1 2024",
      "revenue": 53177464.390131444,
      "earnings": 7471484.211615788,
      "eps_actual": 0.0016189379725489925,
      "eps_estimate": 0.001566782655992821,
      "surprise_percent": 3.32881630752559,
      "price_on_date": 0.3240795034813373,
      "revenue_growth": -8.463922070794233,
      "earnings_growth": -5.574054033205084
    },
    {
      "date": "2023-11-06",
      "quarter": "Q4 2023",
      "revenue": 50518591.17062486,
      "earnings": 7097910.0010349965,
      "eps_actual": 0.0015379910739215426,
      "eps_estimate": 0.0015242635828743593,
      "surprise_percent": 0.9005982430739958,
      "price_on_date": 0.3107282842271559,
      "revenue_growth": -8.468065438404526,
      "earnings_growth": -8.535151593261755
    }
  ],
  "metrics": {
    "revenue_trend": [
      {
        "date": "2025-07-28",
        "value": 72341247.49345034
      },
      {
        "date": "2025-04-29",
        "value": 68724185.11877783
      },
      {
        "date": "2025-01-29",
        "value": 65287975.86283893
      },
      {
        "date": "2024-10-31",
        "value": 62023577.06969698
      },
      {
        "date": "2024-08-02",
        "value": 58922398.21621213
      },
      {
        "date": "2024-05-04",
        "value": 55976278.30540151
      },
      {
        "date": "2024-02-04",
        "value": 53177464.390131444
      },
      {
        "date": "2023-11-06",
        "value": 50518591.17062486
      }
    ],
    "eps_trend": [
      {
        "date": "2025-07-28",
        "value": 0.0022023613553572427
      },
      {
        "date": "2025-04-29",
        "value": 0.0020922432875893804
      },
      {
        "date": "2025-01-29",
        "value": 0.001987631123209911
      },
      {
        "date": "2024-10-31",
        "value": 0.0018882495670494153
      },
      {
        "date": "2024-08-02",
        "value": 0.0017938370886969447
      },
      {
        "date": "2024-05-04",
        "value": 0.0017041452342620971
      },
      {
        "date": "2024-02-04",
        "value": 0.0016189379725489925
      },
      {
        "date": "2023-11-06",
        "value": 0.0015379910739215426
      }
    ],
    "earnings_dates": [
      "2025-07-28",
      "2025-04-29",
      "2025-01-29",
      "2024-10-31",
      "2024-08-02",
      "2024-05-04",
      "2024-02-04",
      "2023-11-06"
    ]
  },
  "analysis": {
    "avg_revenue_growth": -7.323063438198553,
    "avg_earnings_surprise": 2.7712942141459673,
    "consistency_score": 62,
    "trend_direction": "declining"
  }
}