{
  "ticker": "SPG",
  "quarters": [
    {
      "date": "2025-07-28",
      "quarter": "Q3 2025",
      "revenue": 1127392392.398972,
      "earnings": 404476179.48452306,
      "eps_actual": 0.14893829407065284,
      "eps_estimate": 0.15181019796841885,
      "surprise_percent": -1.8917727110555858,
      "price_on_date": 34.56419334296115,
      "revenue_growth": 30.286926895937704,
      "earnings_growth": 25.82358585391899
    },
    {
      "date": "2025-04-29",
      "quarter": "Q2 2025",
      "revenue": 1071022772.7790234,
      "earnings": 384252370.5102969,
      "eps_actual": 0.1414913793671202,
      "eps_estimate": 0.14065513645967376,
      "surprise_percent": 0.5945342121837063,
      "price_on_date": 33.780289060970375,
      "revenue_growth": 38.98374823179152,
      "earnings_growth": 28.869095284563112
    },
    {
      "date": "2025-01-29",
      "quarter": "Q1 2025",
      "revenue": 1017471634.1400722,
      "earnings": 365039751.98478204,
      "eps_actual": 0.13441681039876419,
      "eps_estimate": 0.13111937394325243,
      "surprise_percent": 2.5148354177917764,
      "price_on_date": 33.14576241167505,
      "revenue_growth": 37.011910283772096,
      "earnings_growth": 32.14331432078432
    },
    {
      "date": "2024-10-31",
      "quarter": "Q4 2024",
      "revenue": 966598052.4330685,
      "earnings": 346787764.3855429,
      "eps_actual": 0.12769596987882598,
      "eps_estimate": 0.12721430453449314,
      "surprise_percent": 0.3786251444720452,
      "price_on_date": 31.334069686103373,
      "revenue_growth": 36.857307268063536,
      "earnings_growth": 39.38987218760133
    },
    {
      "date": "2024-08-02",
      "quarter": "Q3 2024",
      "revenue": 918268149.8114151,
      "earnings": 329448376.1662658,
      "eps_actual": 0.12131117138488468,
      "eps_estimate": 0.12112177873032902,
      "surprise_percent": 0.15636548318641239,
      "price_on_date": 28.137822212183863,
      "revenue_growth": 34.32910657457101,
      "earnings_growth": 42.6973162234651
    },
    {
      "date": "2024-05-04",
      "quarter": "Q2 2024",
      "revenue": 872354742.3208442,
      "earnings": 312975957.3579524,
      "eps_actual": 0.11524561281564041,
      "eps_estimate": 0.11651257834008069,
      "surprise_percent": -1.0874066495569412,
      "price_on_date": 28.559645449249206,
      "revenue_growth": 39.89959507851259,
      "earnings_growth": 33.034767693817955
    },
    {
      "date": "2024-02-04",
      "quarter": "Q1 2024",
      "revenue": 828737005.204802,
      "earnings": 297327159.49005485,
      "eps_actual": 0.10948333217485841,
      "eps_estimate": 0.11025510904649058,
      "surprise_percent": -0.6999919353458176,
      "price_on_date": 25.00574287259453,
      "revenue_growth": 33.969424770190635,
      "earnings_growth": 29.201284454308094
    },
    {
      "date": "2023-11-06",
      "quarter": "Q4 2023",
      "revenue": 787300154.9445618,
      "earnings": 282460801.51555204,
      "eps_actual": 0.10400916556611547,
      "eps_estimate": 0.10168366631489245,
      "surprise_percent": 2.2869939052172374,
      "price_on_date": 23.72121892218934,
      "revenue_growth": 35.41162514344508,
      "earnings_growth": 38.75923510545322
    }
  ],
  "metrics": {
    "revenue_trend": [
      {
        "date": "2025-07-28",
        "value": 1127392392.398972
      },
      {
        "date": "2025-04-29",
        "value": 1071022772.7790234
      },
      {
        "date": "2025-01-29",
        "value": 1017471634.1400722
      },
      {
        "date": "2024-10-31",
        "value": 966598052.4330685
      },
      {
        "date": "2024-08-02",
        "value": 918268149.8114151
      },
      {
        "date": "2024-05-04",
        "value": 872354742.3208442
      },
      {
        "date": "2024-02-04",
        "value": 828737005.204802
      },
      {
        "date": "2023-11-06",
        "value": 787300154.9445618
      }
    ],
    "eps_trend": [
      {
        "date": "2025-07-28",
        "value": 0.14893829407065284
      },
      {
        "date": "2025-04-29",
        "value": 0.1414913793671202
      },
      {
        "date": "2025-01-29",
        "value": 0.13441681039876419
      },
      {
        "date": "2024-10-31",
        "value": 0.12769596987882598
      },
      {
        "date": "2024-08-02",
        "value": 0.12131117138488468
      },
      {
        "date": "2024-05-04",
        "value": 0.11524561281564041
      },
      {
        "date": "2024-02-04",
        "value": 0.10948333217485841
      },
      {
        "date": "2023-11-06",
        "value": 0.10400916556611547
      }
    ],
    "earnings_dates": [
      "2025-07-28",
      "2025-04-29",
      "2025-01-29",
      "2024-10-31",
      "2024-08-02",
      "2024-05-04",
      "2024-02-04",
      "2023-11-06"
    ]
  },
  "analysis": {
    "avg_revenue_growth": 35.78497316989122,
    "avg_earnings_surprise": 0.39905551584798554,
    "consistency_score": 77,
    "trend_direction": "growing"
  }
}