{
  "ticker": "SPGI",
  "quarters": [
    {
      "date": "2025-07-28",
      "quarter": "Q3 2025",
      "revenue": 767447433.22855,
      "earnings": 34604812.114575036,
      "eps_actual": 0.04083866925500092,
      "eps_estimate": 0.04026897234814654,
      "surprise_percent": 1.414729191321415,
      "price_on_date": 92.12655315739919,
      "revenue_growth": 47.98774572600536,
      "earnings_growth": 35.2715875720667
    },
    {
      "date": "2025-04-29",
      "quarter": "Q2 2025",
      "revenue": 729075061.5671225,
      "earnings": 32874571.508846283,
      "eps_actual": 0.03879673579225087,
      "eps_estimate": 0.03724393971401317,
      "surprise_percent": 4.169258381796411,
      "price_on_date": 84.5594890082721,
      "revenue_growth": 36.31281567252025,
      "earnings_growth": 32.41582743511433
    },
    {
      "date": "2025-01-29",
      "quarter": "Q1 2025",
      "revenue": 692621308.4887663,
      "earnings": 31230842.93340397,
      "eps_actual": 0.036856899002638326,
      "eps_estimate": 0.03646343553079309,
      "surprise_percent": 1.0790630836552861,
      "price_on_date": 82.98537350955687,
      "revenue_growth": 42.675147585243664,
      "earnings_growth": 47.74403905337248
    },
    {
      "date": "2024-10-31",
      "quarter": "Q4 2024",
      "revenue": 657990243.064328,
      "earnings": 29669300.78673377,
      "eps_actual": 0.035014054052506405,
      "eps_estimate": 0.03358786430041773,
      "surprise_percent": 4.246145986932965,
      "price_on_date": 80.26812539168746,
      "revenue_growth": 39.86920001015187,
      "earnings_growth": 35.757189561025434
    },
    {
      "date": "2024-08-02",
      "quarter": "Q3 2024",
      "revenue": 625090730.9111115,
      "earnings": 28185835.747397076,
      "eps_actual": 0.03326335134988108,
      "eps_estimate": 0.03364461557130153,
      "surprise_percent": -1.133210217880048,
      "price_on_date": 69.31636254304435,
      "revenue_growth": 43.70746450276785,
      "earnings_growth": 46.882818157529364
    },
    {
      "date": "2024-05-04",
      "quarter": "Q2 2024",
      "revenue": 593836194.3655559,
      "earnings": 26776543.96002722,
      "eps_actual": 0.03160018378238703,
      "eps_estimate": 0.030765257388765236,
      "surprise_percent": 2.713861233375174,
      "price_on_date": 76.51800533169947,
      "revenue_growth": 49.679256771703464,
      "earnings_growth": 32.4846096123359
    },
    {
      "date": "2024-02-04",
      "quarter": "Q1 2024",
      "revenue": 564144384.6472781,
      "earnings": 25437716.76202586,
      "eps_actual": 0.030020174593267675,
      "eps_estimate": 0.02984143436153984,
      "surprise_percent": 0.5989666232605713,
      "price_on_date": 61.61220644214029,
      "revenue_growth": 47.70074849584429,
      "earnings_growth": 43.079019160826824
    },
    {
      "date": "2023-11-06",
      "quarter": "Q4 2023",
      "revenue": 535937165.41491413,
      "earnings": 24165830.923924565,
      "eps_actual": 0.028519165863604288,
      "eps_estimate": 0.02806649562075484,
      "surprise_percent": 1.6128491742114872,
      "price_on_date": 66.89661018397845,
      "revenue_growth": 50.64753669470974,
      "earnings_growth": 43.78764117957978
    }
  ],
  "metrics": {
    "revenue_trend": [
      {
        "date": "2025-07-28",
        "value": 767447433.22855
      },
      {
        "date": "2025-04-29",
        "value": 729075061.5671225
      },
      {
        "date": "2025-01-29",
        "value": 692621308.4887663
      },
      {
        "date": "2024-10-31",
        "value": 657990243.064328
      },
      {
        "date": "2024-08-02",
        "value": 625090730.9111115
      },
      {
        "date": "2024-05-04",
        "value": 593836194.3655559
      },
      {
        "date": "2024-02-04",
        "value": 564144384.6472781
      },
      {
        "date": "2023-11-06",
        "value": 535937165.41491413
      }
    ],
    "eps_trend": [
      {
        "date": "2025-07-28",
        "value": 0.04083866925500092
      },
      {
        "date": "2025-04-29",
        "value": 0.03879673579225087
      },
      {
        "date": "2025-01-29",
        "value": 0.036856899002638326
      },
      {
        "date": "2024-10-31",
        "value": 0.035014054052506405
      },
      {
        "date": "2024-08-02",
        "value": 0.03326335134988108
      },
      {
        "date": "2024-05-04",
        "value": 0.03160018378238703
      },
      {
        "date": "2024-02-04",
        "value": 0.030020174593267675
      },
      {
        "date": "2023-11-06",
        "value": 0.028519165863604288
      }
    ],
    "earnings_dates": [
      "2025-07-28",
      "2025-04-29",
      "2025-01-29",
      "2024-10-31",
      "2024-08-02",
      "2024-05-04",
      "2024-02-04",
      "2023-11-06"
    ]
  },
  "analysis": {
    "avg_revenue_growth": 41.711227248480284,
    "avg_earnings_surprise": 2.727299160926519,
    "consistency_score": 69,
    "trend_direction": "growing"
  }
}