{
  "ticker": "SPOT",
  "quarters": [
    {
      "date": "2025-07-28",
      "quarter": "Q3 2025",
      "revenue": 1682788205.3867223,
      "earnings": 21382965.859311312,
      "eps_actual": 0.023498393196255938,
      "eps_estimate": 0.023090916531896155,
      "surprise_percent": 1.7646621510104348,
      "price_on_date": 54.25317727451471,
      "revenue_growth": 24.475947054862928,
      "earnings_growth": 31.71236976668598
    },
    {
      "date": "2025-04-29",
      "quarter": "Q2 2025",
      "revenue": 1598648795.117386,
      "earnings": 20313817.566345744,
      "eps_actual": 0.022323473536443136,
      "eps_estimate": 0.022021012809122203,
      "surprise_percent": 1.3735096107643114,
      "price_on_date": 49.02906756041365,
      "revenue_growth": 30.385791621921218,
      "earnings_growth": 25.40920126675807
    },
    {
      "date": "2025-01-29",
      "quarter": "Q1 2025",
      "revenue": 1518716355.361517,
      "earnings": 19298126.68802846,
      "eps_actual": 0.02120729985962098,
      "eps_estimate": 0.020869327507363672,
      "surprise_percent": 1.6194693007623586,
      "price_on_date": 51.1829628178975,
      "revenue_growth": 25.90990109498361,
      "earnings_growth": 31.837630700505393
    },
    {
      "date": "2024-10-31",
      "quarter": "Q4 2024",
      "revenue": 1442780537.5934408,
      "earnings": 18333220.353627034,
      "eps_actual": 0.02014693486663993,
      "eps_estimate": 0.019435446829009374,
      "surprise_percent": 3.660775303444993,
      "price_on_date": 51.328754954673755,
      "revenue_growth": 28.332221646457178,
      "earnings_growth": 29.69528998147792
    },
    {
      "date": "2024-08-02",
      "quarter": "Q3 2024",
      "revenue": 1370641510.7137687,
      "earnings": 17416559.33594568,
      "eps_actual": 0.019139588123307932,
      "eps_estimate": 0.018761047167411334,
      "surprise_percent": 2.0176963072409864,
      "price_on_date": 44.88168021729183,
      "revenue_growth": 25.65596078268826,
      "earnings_growth": 21.28306234633632
    },
    {
      "date": "2024-05-04",
      "quarter": "Q2 2024",
      "revenue": 1302109435.17808,
      "earnings": 16545731.369148394,
      "eps_actual": 0.018182608717142532,
      "eps_estimate": 0.01789746123787038,
      "surprise_percent": 1.5932286455734346,
      "price_on_date": 42.88156563492181,
      "revenue_growth": 24.188212505429235,
      "earnings_growth": 19.8232675935328
    },
    {
      "date": "2024-02-04",
      "quarter": "Q1 2024",
      "revenue": 1237003963.419176,
      "earnings": 15718444.800690975,
      "eps_actual": 0.017273478281285407,
      "eps_estimate": 0.017348358501384727,
      "surprise_percent": -0.4316271196110183,
      "price_on_date": 42.1172648891217,
      "revenue_growth": 25.85742479153796,
      "earnings_growth": 33.338613555820636
    },
    {
      "date": "2023-11-06",
      "quarter": "Q4 2023",
      "revenue": 1175153765.2482173,
      "earnings": 14932522.560656426,
      "eps_actual": 0.01640980436722114,
      "eps_estimate": 0.01657319411305144,
      "surprise_percent": -0.985867568531224,
      "price_on_date": 36.09144507625219,
      "revenue_growth": 24.256699397673728,
      "earnings_growth": 23.47586858654976
    }
  ],
  "metrics": {
    "revenue_trend": [
      {
        "date": "2025-07-28",
        "value": 1682788205.3867223
      },
      {
        "date": "2025-04-29",
        "value": 1598648795.117386
      },
      {
        "date": "2025-01-29",
        "value": 1518716355.361517
      },
      {
        "date": "2024-10-31",
        "value": 1442780537.5934408
      },
      {
        "date": "2024-08-02",
        "value": 1370641510.7137687
      },
      {
        "date": "2024-05-04",
        "value": 1302109435.17808
      },
      {
        "date": "2024-02-04",
        "value": 1237003963.419176
      },
      {
        "date": "2023-11-06",
        "value": 1175153765.2482173
      }
    ],
    "eps_trend": [
      {
        "date": "2025-07-28",
        "value": 0.023498393196255938
      },
      {
        "date": "2025-04-29",
        "value": 0.022323473536443136
      },
      {
        "date": "2025-01-29",
        "value": 0.02120729985962098
      },
      {
        "date": "2024-10-31",
        "value": 0.02014693486663993
      },
      {
        "date": "2024-08-02",
        "value": 0.019139588123307932
      },
      {
        "date": "2024-05-04",
        "value": 0.018182608717142532
      },
      {
        "date": "2024-02-04",
        "value": 0.017273478281285407
      },
      {
        "date": "2023-11-06",
        "value": 0.01640980436722114
      }
    ],
    "earnings_dates": [
      "2025-07-28",
      "2025-04-29",
      "2025-01-29",
      "2024-10-31",
      "2024-08-02",
      "2024-05-04",
      "2024-02-04",
      "2023-11-06"
    ]
  },
  "analysis": {
    "avg_revenue_growth": 27.275965354556234,
    "avg_earnings_surprise": 2.104604091495524,
    "consistency_score": 76,
    "trend_direction": "growing"
  }
}