{
  "ticker": "SQ",
  "quarters": [
    {
      "date": "2025-07-28",
      "quarter": "Q3 2025",
      "revenue": 64318050.59122571,
      "earnings": 13309903.61851952,
      "eps_actual": 0.0038477319862041514,
      "eps_estimate": 0.003699328252291673,
      "surprise_percent": 4.011640054394874,
      "price_on_date": 0.11792039896688453,
      "revenue_growth": 32.56453679674025,
      "earnings_growth": 37.45875848725574
    },
    {
      "date": "2025-04-29",
      "quarter": "Q2 2025",
      "revenue": 61102148.061664425,
      "earnings": 12644408.437593544,
      "eps_actual": 0.0036553453868939435,
      "eps_estimate": 0.0035989847499989444,
      "surprise_percent": 1.566014885031552,
      "price_on_date": 0.11883728209611574,
      "revenue_growth": 31.299163638713257,
      "earnings_growth": 34.777662837428394
    },
    {
      "date": "2025-01-29",
      "quarter": "Q1 2025",
      "revenue": 58047040.658581205,
      "earnings": 12012188.015713867,
      "eps_actual": 0.0034725781175492464,
      "eps_estimate": 0.0033162451888255257,
      "surprise_percent": 4.71415470878036,
      "price_on_date": 0.1044230036054845,
      "revenue_growth": 25.9212000873622,
      "earnings_growth": 31.26549544175473
    },
    {
      "date": "2024-10-31",
      "quarter": "Q4 2024",
      "revenue": 55144688.62565214,
      "earnings": 11411578.614928173,
      "eps_actual": 0.003298949211671784,
      "eps_estimate": 0.003180000957604026,
      "surprise_percent": 3.7405100078139473,
      "price_on_date": 0.11530317859865699,
      "revenue_growth": 32.379788584530786,
      "earnings_growth": 37.951075982651766
    },
    {
      "date": "2024-08-02",
      "quarter": "Q3 2024",
      "revenue": 52387454.19436953,
      "earnings": 10840999.684181765,
      "eps_actual": 0.003134001751088195,
      "eps_estimate": 0.0031011676904607963,
      "surprise_percent": 1.05876443664741,
      "price_on_date": 0.09387790117455257,
      "revenue_growth": 37.06751183279049,
      "earnings_growth": 38.990915228350175
    },
    {
      "date": "2024-05-04",
      "quarter": "Q2 2024",
      "revenue": 49768081.484651044,
      "earnings": 10298949.699972674,
      "eps_actual": 0.0029773016635337847,
      "eps_estimate": 0.002923411259770457,
      "surprise_percent": 1.8434082301358752,
      "price_on_date": 0.10125335361109572,
      "revenue_growth": 27.639226061787287,
      "earnings_growth": 29.496997277729285
    },
    {
      "date": "2024-02-04",
      "quarter": "Q1 2024",
      "revenue": 47279677.410418496,
      "earnings": 9784002.21497404,
      "eps_actual": 0.0028284365803570954,
      "eps_estimate": 0.0027729996519639368,
      "surprise_percent": 1.9991682420117234,
      "price_on_date": 0.10304094439456651,
      "revenue_growth": 30.945769579307097,
      "earnings_growth": 36.87408439993345
    },
    {
      "date": "2023-11-06",
      "quarter": "Q4 2023",
      "revenue": 44915693.53989757,
      "earnings": 9294802.104225338,
      "eps_actual": 0.00268701475133924,
      "eps_estimate": 0.002720551123602134,
      "surprise_percent": -1.2327050931684107,
      "price_on_date": 0.09069037631965943,
      "revenue_growth": 33.5323109101199,
      "earnings_growth": 26.298263815300462
    }
  ],
  "metrics": {
    "revenue_trend": [
      {
        "date": "2025-07-28",
        "value": 64318050.59122571
      },
      {
        "date": "2025-04-29",
        "value": 61102148.061664425
      },
      {
        "date": "2025-01-29",
        "value": 58047040.658581205
      },
      {
        "date": "2024-10-31",
        "value": 55144688.62565214
      },
      {
        "date": "2024-08-02",
        "value": 52387454.19436953
      },
      {
        "date": "2024-05-04",
        "value": 49768081.484651044
      },
      {
        "date": "2024-02-04",
        "value": 47279677.410418496
      },
      {
        "date": "2023-11-06",
        "value": 44915693.53989757
      }
    ],
    "eps_trend": [
      {
        "date": "2025-07-28",
        "value": 0.0038477319862041514
      },
      {
        "date": "2025-04-29",
        "value": 0.0036553453868939435
      },
      {
        "date": "2025-01-29",
        "value": 0.0034725781175492464
      },
      {
        "date": "2024-10-31",
        "value": 0.003298949211671784
      },
      {
        "date": "2024-08-02",
        "value": 0.003134001751088195
      },
      {
        "date": "2024-05-04",
        "value": 0.0029773016635337847
      },
      {
        "date": "2024-02-04",
        "value": 0.0028284365803570954
      },
      {
        "date": "2023-11-06",
        "value": 0.00268701475133924
      }
    ],
    "earnings_dates": [
      "2025-07-28",
      "2025-04-29",
      "2025-01-29",
      "2024-10-31",
      "2024-08-02",
      "2024-05-04",
      "2024-02-04",
      "2023-11-06"
    ]
  },
  "analysis": {
    "avg_revenue_growth": 30.541172276836626,
    "avg_earnings_surprise": 3.5080799140051835,
    "consistency_score": 79,
    "trend_direction": "growing"
  }
}