{
  "ticker": "SRE",
  "quarters": [
    {
      "date": "2025-07-28",
      "quarter": "Q3 2025",
      "revenue": 107882488.7012209,
      "earnings": 8321383.28127607,
      "eps_actual": 0.00823384022080737,
      "eps_estimate": 0.00797459283226672,
      "surprise_percent": 3.250916930726365,
      "price_on_date": 0.6859383476246629,
      "revenue_growth": 27.809769950612438,
      "earnings_growth": 27.14881280254271
    },
    {
      "date": "2025-04-29",
      "quarter": "Q2 2025",
      "revenue": 102488364.26615985,
      "earnings": 7905314.117212266,
      "eps_actual": 0.007822148209767002,
      "eps_estimate": 0.007907380610778525,
      "surprise_percent": -1.0778841339108383,
      "price_on_date": 0.6141771411429072,
      "revenue_growth": 28.118432509913486,
      "earnings_growth": 25.727747879943195
    },
    {
      "date": "2025-01-29",
      "quarter": "Q1 2025",
      "revenue": 97363946.05285186,
      "earnings": 7510048.411351653,
      "eps_actual": 0.007431040799278652,
      "eps_estimate": 0.007419065310968049,
      "surprise_percent": 0.16141505443952375,
      "price_on_date": 0.6570661764808028,
      "revenue_growth": 23.587084938389637,
      "earnings_growth": 23.889024806023635
    },
    {
      "date": "2024-10-31",
      "quarter": "Q4 2024",
      "revenue": 92495748.75020926,
      "earnings": 7134545.9907840695,
      "eps_actual": 0.007059488759314718,
      "eps_estimate": 0.006992293613170727,
      "surprise_percent": 0.9609886234957546,
      "price_on_date": 0.6156815112163613,
      "revenue_growth": 23.267734014584764,
      "earnings_growth": 24.858477706514595
    },
    {
      "date": "2024-08-02",
      "quarter": "Q3 2024",
      "revenue": 87870961.3126988,
      "earnings": 6777818.691244866,
      "eps_actual": 0.006706514321348982,
      "eps_estimate": 0.006571973197340908,
      "surprise_percent": 2.0471952634029416,
      "price_on_date": 0.537057806472237,
      "revenue_growth": 26.262475857585752,
      "earnings_growth": 27.97235958976246
    },
    {
      "date": "2024-05-04",
      "quarter": "Q2 2024",
      "revenue": 83477413.24706385,
      "earnings": 6438927.756682622,
      "eps_actual": 0.006371188605281533,
      "eps_estimate": 0.00629559461980619,
      "surprise_percent": 1.200744171766106,
      "price_on_date": 0.5466676734931941,
      "revenue_growth": 25.49279431397019,
      "earnings_growth": 21.287529268513108
    },
    {
      "date": "2024-02-04",
      "quarter": "Q1 2024",
      "revenue": 79303542.58471066,
      "earnings": 6116981.368848491,
      "eps_actual": 0.006052629175017457,
      "eps_estimate": 0.006170267644086092,
      "surprise_percent": -1.9065375418744783,
      "price_on_date": 0.44282082203567863,
      "revenue_growth": 30.24484859316502,
      "earnings_growth": 26.171183292581812
    },
    {
      "date": "2023-11-06",
      "quarter": "Q4 2023",
      "revenue": 75338365.4554751,
      "earnings": 5811132.300406066,
      "eps_actual": 0.005749997716266582,
      "eps_estimate": 0.0058050255386386815,
      "surprise_percent": -0.9479341995281501,
      "price_on_date": 0.47764899095273644,
      "revenue_growth": 24.10832144255556,
      "earnings_growth": 22.175087349462906
    }
  ],
  "metrics": {
    "revenue_trend": [
      {
        "date": "2025-07-28",
        "value": 107882488.7012209
      },
      {
        "date": "2025-04-29",
        "value": 102488364.26615985
      },
      {
        "date": "2025-01-29",
        "value": 97363946.05285186
      },
      {
        "date": "2024-10-31",
        "value": 92495748.75020926
      },
      {
        "date": "2024-08-02",
        "value": 87870961.3126988
      },
      {
        "date": "2024-05-04",
        "value": 83477413.24706385
      },
      {
        "date": "2024-02-04",
        "value": 79303542.58471066
      },
      {
        "date": "2023-11-06",
        "value": 75338365.4554751
      }
    ],
    "eps_trend": [
      {
        "date": "2025-07-28",
        "value": 0.00823384022080737
      },
      {
        "date": "2025-04-29",
        "value": 0.007822148209767002
      },
      {
        "date": "2025-01-29",
        "value": 0.007431040799278652
      },
      {
        "date": "2024-10-31",
        "value": 0.007059488759314718
      },
      {
        "date": "2024-08-02",
        "value": 0.006706514321348982
      },
      {
        "date": "2024-05-04",
        "value": 0.006371188605281533
      },
      {
        "date": "2024-02-04",
        "value": 0.006052629175017457
      },
      {
        "date": "2023-11-06",
        "value": 0.005749997716266582
      }
    ],
    "earnings_dates": [
      "2025-07-28",
      "2025-04-29",
      "2025-01-29",
      "2024-10-31",
      "2024-08-02",
      "2024-05-04",
      "2024-02-04",
      "2023-11-06"
    ]
  },
  "analysis": {
    "avg_revenue_growth": 25.69575535337508,
    "avg_earnings_surprise": 0.8238591186877012,
    "consistency_score": 77,
    "trend_direction": "growing"
  }
}