{
  "ticker": "STE",
  "quarters": [
    {
      "date": "2025-07-28",
      "quarter": "Q3 2025",
      "revenue": 122903115.68973504,
      "earnings": 11402045.632375583,
      "eps_actual": 0.009801729475380805,
      "eps_estimate": 0.009407591979982477,
      "surprise_percent": 4.189568342642573,
      "price_on_date": 1.1160732813744643,
      "revenue_growth": 35.82656014728827,
      "earnings_growth": 39.54488250385978
    },
    {
      "date": "2025-04-29",
      "quarter": "Q2 2025",
      "revenue": 116757959.90524828,
      "earnings": 10831943.350756804,
      "eps_actual": 0.009311643001611764,
      "eps_estimate": 0.009485324518085267,
      "surprise_percent": -1.8310550803227854,
      "price_on_date": 1.0121548473472555,
      "revenue_growth": 27.921230286681308,
      "earnings_growth": 23.24433072446429
    },
    {
      "date": "2025-01-29",
      "quarter": "Q1 2025",
      "revenue": 110920061.90998587,
      "earnings": 10290346.183218963,
      "eps_actual": 0.008846060851531175,
      "eps_estimate": 0.008700043069827397,
      "surprise_percent": 1.6783569981415625,
      "price_on_date": 1.1245237478796362,
      "revenue_growth": 36.35997287367798,
      "earnings_growth": 34.50647343576669
    },
    {
      "date": "2024-10-31",
      "quarter": "Q4 2024",
      "revenue": 105374058.81448656,
      "earnings": 9775828.874058014,
      "eps_actual": 0.008403757808954615,
      "eps_estimate": 0.00816157632154027,
      "surprise_percent": 2.967337164699077,
      "price_on_date": 0.9825789816237652,
      "revenue_growth": 38.52545935818505,
      "earnings_growth": 32.84876093953258
    },
    {
      "date": "2024-08-02",
      "quarter": "Q3 2024",
      "revenue": 100105355.87376224,
      "earnings": 9287037.430355113,
      "eps_actual": 0.007983569918506885,
      "eps_estimate": 0.007821658427281043,
      "surprise_percent": 2.0700404234108887,
      "price_on_date": 0.9690176537085521,
      "revenue_growth": 35.381885881488905,
      "earnings_growth": 28.761019205151037
    },
    {
      "date": "2024-05-04",
      "quarter": "Q2 2024",
      "revenue": 95100088.08007412,
      "earnings": 8822685.558837356,
      "eps_actual": 0.007584391422581539,
      "eps_estimate": 0.007630813592127132,
      "surprise_percent": -0.6083515078062909,
      "price_on_date": 0.9060452295752472,
      "revenue_growth": 28.589999491409838,
      "earnings_growth": 40.393680380063095
    },
    {
      "date": "2024-02-04",
      "quarter": "Q1 2024",
      "revenue": 90345083.6760704,
      "earnings": 8381551.280895488,
      "eps_actual": 0.007205171851452462,
      "eps_estimate": 0.0071367490231973125,
      "surprise_percent": 0.9587394489108114,
      "price_on_date": 0.8121583403938164,
      "revenue_growth": 28.01135314531043,
      "earnings_growth": 25.32653423135645
    },
    {
      "date": "2023-11-06",
      "quarter": "Q4 2023",
      "revenue": 85827829.49226688,
      "earnings": 7962473.716850713,
      "eps_actual": 0.006844913258879839,
      "eps_estimate": 0.006768343690246938,
      "surprise_percent": 1.1312896055091881,
      "price_on_date": 0.8854700704330635,
      "revenue_growth": 34.41510433636935,
      "earnings_growth": 30.39712982206032
    }
  ],
  "metrics": {
    "revenue_trend": [
      {
        "date": "2025-07-28",
        "value": 122903115.68973504
      },
      {
        "date": "2025-04-29",
        "value": 116757959.90524828
      },
      {
        "date": "2025-01-29",
        "value": 110920061.90998587
      },
      {
        "date": "2024-10-31",
        "value": 105374058.81448656
      },
      {
        "date": "2024-08-02",
        "value": 100105355.87376224
      },
      {
        "date": "2024-05-04",
        "value": 95100088.08007412
      },
      {
        "date": "2024-02-04",
        "value": 90345083.6760704
      },
      {
        "date": "2023-11-06",
        "value": 85827829.49226688
      }
    ],
    "eps_trend": [
      {
        "date": "2025-07-28",
        "value": 0.009801729475380805
      },
      {
        "date": "2025-04-29",
        "value": 0.009311643001611764
      },
      {
        "date": "2025-01-29",
        "value": 0.008846060851531175
      },
      {
        "date": "2024-10-31",
        "value": 0.008403757808954615
      },
      {
        "date": "2024-08-02",
        "value": 0.007983569918506885
      },
      {
        "date": "2024-05-04",
        "value": 0.007584391422581539
      },
      {
        "date": "2024-02-04",
        "value": 0.007205171851452462
      },
      {
        "date": "2023-11-06",
        "value": 0.006844913258879839
      }
    ],
    "earnings_dates": [
      "2025-07-28",
      "2025-04-29",
      "2025-01-29",
      "2024-10-31",
      "2024-08-02",
      "2024-05-04",
      "2024-02-04",
      "2023-11-06"
    ]
  },
  "analysis": {
    "avg_revenue_growth": 34.658305666458155,
    "avg_earnings_surprise": 1.751051856290107,
    "consistency_score": 85,
    "trend_direction": "growing"
  }
}