{
  "ticker": "STLD",
  "quarters": [
    {
      "date": "2025-07-28",
      "quarter": "Q3 2025",
      "revenue": 66215384.62800941,
      "earnings": 1260103.8646946987,
      "eps_actual": 0.0005053005454126473,
      "eps_estimate": 0.0004855985851422063,
      "surprise_percent": 4.057252404199521,
      "price_on_date": 0.2541422861675843,
      "revenue_growth": 22.57129139282239,
      "earnings_growth": 23.843026794178634
    },
    {
      "date": "2025-04-29",
      "quarter": "Q2 2025",
      "revenue": 62904615.396608934,
      "earnings": 1197098.6714599635,
      "eps_actual": 0.0004800355181420149,
      "eps_estimate": 0.00046096031011758244,
      "surprise_percent": 4.1381454337287105,
      "price_on_date": 0.250580722246492,
      "revenue_growth": 21.72367522490133,
      "earnings_growth": 17.746939657371303
    },
    {
      "date": "2025-01-29",
      "quarter": "Q1 2025",
      "revenue": 59759384.62677849,
      "earnings": 1137243.7378869655,
      "eps_actual": 0.0004560337422349142,
      "eps_estimate": 0.0004602634991527485,
      "surprise_percent": -0.9189859560057294,
      "price_on_date": 0.262704648100192,
      "revenue_growth": 19.30511268385039,
      "earnings_growth": 24.34500999770262
    },
    {
      "date": "2024-10-31",
      "quarter": "Q4 2024",
      "revenue": 56771415.39543956,
      "earnings": 1080381.5509926172,
      "eps_actual": 0.0004332320551231685,
      "eps_estimate": 0.00041679426351728276,
      "surprise_percent": 3.943862246847865,
      "price_on_date": 0.22300695945164198,
      "revenue_growth": 24.048933327109292,
      "earnings_growth": 21.960550726681447
    },
    {
      "date": "2024-08-02",
      "quarter": "Q3 2024",
      "revenue": 53932844.62566758,
      "earnings": 1026362.4734429863,
      "eps_actual": 0.00041157045236701005,
      "eps_estimate": 0.0004157392104105024,
      "surprise_percent": -1.0027339108514866,
      "price_on_date": 0.19795526346856548,
      "revenue_growth": 17.520310129168394,
      "earnings_growth": 23.186853300506343
    },
    {
      "date": "2024-05-04",
      "quarter": "Q2 2024",
      "revenue": 51236202.39438419,
      "earnings": 975044.3497708368,
      "eps_actual": 0.00039099192974865945,
      "eps_estimate": 0.00039583054917857394,
      "surprise_percent": -1.2223966644200592,
      "price_on_date": 0.20318774755189276,
      "revenue_growth": 17.353564870302385,
      "earnings_growth": 25.586248577949306
    },
    {
      "date": "2024-02-04",
      "quarter": "Q1 2024",
      "revenue": 48674392.27466498,
      "earnings": 926292.1322822949,
      "eps_actual": 0.0003714423332612265,
      "eps_estimate": 0.0003595178299707217,
      "surprise_percent": 3.316804424268993,
      "price_on_date": 0.20458417606177653,
      "revenue_growth": 16.962324713836974,
      "earnings_growth": 18.701381202875524
    },
    {
      "date": "2023-11-06",
      "quarter": "Q4 2023",
      "revenue": 46240672.66093173,
      "earnings": 879977.5256681801,
      "eps_actual": 0.0003528702165981651,
      "eps_estimate": 0.0003576836976360795,
      "surprise_percent": -1.3457367695890419,
      "price_on_date": 0.19245933747920946,
      "revenue_growth": 23.438535377772816,
      "earnings_growth": 17.536016910396313
    }
  ],
  "metrics": {
    "revenue_trend": [
      {
        "date": "2025-07-28",
        "value": 66215384.62800941
      },
      {
        "date": "2025-04-29",
        "value": 62904615.396608934
      },
      {
        "date": "2025-01-29",
        "value": 59759384.62677849
      },
      {
        "date": "2024-10-31",
        "value": 56771415.39543956
      },
      {
        "date": "2024-08-02",
        "value": 53932844.62566758
      },
      {
        "date": "2024-05-04",
        "value": 51236202.39438419
      },
      {
        "date": "2024-02-04",
        "value": 48674392.27466498
      },
      {
        "date": "2023-11-06",
        "value": 46240672.66093173
      }
    ],
    "eps_trend": [
      {
        "date": "2025-07-28",
        "value": 0.0005053005454126473
      },
      {
        "date": "2025-04-29",
        "value": 0.0004800355181420149
      },
      {
        "date": "2025-01-29",
        "value": 0.0004560337422349142
      },
      {
        "date": "2024-10-31",
        "value": 0.0004332320551231685
      },
      {
        "date": "2024-08-02",
        "value": 0.00041157045236701005
      },
      {
        "date": "2024-05-04",
        "value": 0.00039099192974865945
      },
      {
        "date": "2024-02-04",
        "value": 0.0003714423332612265
      },
      {
        "date": "2023-11-06",
        "value": 0.0003528702165981651
      }
    ],
    "earnings_dates": [
      "2025-07-28",
      "2025-04-29",
      "2025-01-29",
      "2024-10-31",
      "2024-08-02",
      "2024-05-04",
      "2024-02-04",
      "2023-11-06"
    ]
  },
  "analysis": {
    "avg_revenue_growth": 21.91225315717085,
    "avg_earnings_surprise": 2.8050685321925917,
    "consistency_score": 78,
    "trend_direction": "growing"
  }
}