{
  "ticker": "STT",
  "quarters": [
    {
      "date": "2025-07-28",
      "quarter": "Q3 2025",
      "revenue": 78066652.48434809,
      "earnings": 6564666.432256346,
      "eps_actual": 0.0013985373241548256,
      "eps_estimate": 0.0014097128149811078,
      "surprise_percent": -0.7927494669495456,
      "price_on_date": 0.0697229807149893,
      "revenue_growth": 47.64252153857843,
      "earnings_growth": 50.793870247947076
    },
    {
      "date": "2025-04-29",
      "quarter": "Q2 2025",
      "revenue": 74163319.86013068,
      "earnings": 6236433.110643528,
      "eps_actual": 0.0013286104579470844,
      "eps_estimate": 0.0012981886525217398,
      "surprise_percent": 2.3434040473431974,
      "price_on_date": 0.06387063112627898,
      "revenue_growth": 45.49537108875708,
      "earnings_growth": 52.0266050133978
    },
    {
      "date": "2025-01-29",
      "quarter": "Q1 2025",
      "revenue": 70455153.86712414,
      "earnings": 5924611.455111351,
      "eps_actual": 0.00126217993504973,
      "eps_estimate": 0.0012504730592243852,
      "surprise_percent": 0.9361957651935364,
      "price_on_date": 0.0644020491406946,
      "revenue_growth": 47.055299237506695,
      "earnings_growth": 41.42736362575601
    },
    {
      "date": "2024-10-31",
      "quarter": "Q4 2024",
      "revenue": 66932396.17376793,
      "earnings": 5628380.882355783,
      "eps_actual": 0.0011990709382972433,
      "eps_estimate": 0.0011944298858329188,
      "surprise_percent": 0.3885579655509096,
      "price_on_date": 0.060016085455998125,
      "revenue_growth": 43.885900289178686,
      "earnings_growth": 42.495163273790176
    },
    {
      "date": "2024-08-02",
      "quarter": "Q3 2024",
      "revenue": 63585776.36507954,
      "earnings": 5346961.838237994,
      "eps_actual": 0.0011391173913823812,
      "eps_estimate": 0.0011325213572201144,
      "surprise_percent": 0.5824202890493273,
      "price_on_date": 0.06117606398389039,
      "revenue_growth": 40.0278042748413,
      "earnings_growth": 52.991209535763005
    },
    {
      "date": "2024-05-04",
      "quarter": "Q2 2024",
      "revenue": 60406487.54682555,
      "earnings": 5079613.746326094,
      "eps_actual": 0.001082161521813262,
      "eps_estimate": 0.0010622491818151312,
      "surprise_percent": 1.8745451010002467,
      "price_on_date": 0.05334434553950886,
      "revenue_growth": 38.3708012596318,
      "earnings_growth": 50.239887910450854
    },
    {
      "date": "2024-02-04",
      "quarter": "Q1 2024",
      "revenue": 57386163.16948427,
      "earnings": 4825633.0590097895,
      "eps_actual": 0.001028053445722599,
      "eps_estimate": 0.0010081319060105858,
      "surprise_percent": 1.9760846366669762,
      "price_on_date": 0.04949155818613873,
      "revenue_growth": 37.9749679640515,
      "earnings_growth": 53.474249569845334
    },
    {
      "date": "2023-11-06",
      "quarter": "Q4 2023",
      "revenue": 54516855.01101005,
      "earnings": 4584351.406059299,
      "eps_actual": 0.0009766507734364686,
      "eps_estimate": 0.000993319099307231,
      "surprise_percent": -1.6780434285807313,
      "price_on_date": 0.04737680698950776,
      "revenue_growth": 54.04757397706239,
      "earnings_growth": 54.534179914677054
    }
  ],
  "metrics": {
    "revenue_trend": [
      {
        "date": "2025-07-28",
        "value": 78066652.48434809
      },
      {
        "date": "2025-04-29",
        "value": 74163319.86013068
      },
      {
        "date": "2025-01-29",
        "value": 70455153.86712414
      },
      {
        "date": "2024-10-31",
        "value": 66932396.17376793
      },
      {
        "date": "2024-08-02",
        "value": 63585776.36507954
      },
      {
        "date": "2024-05-04",
        "value": 60406487.54682555
      },
      {
        "date": "2024-02-04",
        "value": 57386163.16948427
      },
      {
        "date": "2023-11-06",
        "value": 54516855.01101005
      }
    ],
    "eps_trend": [
      {
        "date": "2025-07-28",
        "value": 0.0013985373241548256
      },
      {
        "date": "2025-04-29",
        "value": 0.0013286104579470844
      },
      {
        "date": "2025-01-29",
        "value": 0.00126217993504973
      },
      {
        "date": "2024-10-31",
        "value": 0.0011990709382972433
      },
      {
        "date": "2024-08-02",
        "value": 0.0011391173913823812
      },
      {
        "date": "2024-05-04",
        "value": 0.001082161521813262
      },
      {
        "date": "2024-02-04",
        "value": 0.001028053445722599
      },
      {
        "date": "2023-11-06",
        "value": 0.0009766507734364686
      }
    ],
    "earnings_dates": [
      "2025-07-28",
      "2025-04-29",
      "2025-01-29",
      "2024-10-31",
      "2024-08-02",
      "2024-05-04",
      "2024-02-04",
      "2023-11-06"
    ]
  },
  "analysis": {
    "avg_revenue_growth": 46.01977303850522,
    "avg_earnings_surprise": 0.7188520777845244,
    "consistency_score": 74,
    "trend_direction": "growing"
  }
}