{
  "ticker": "STX",
  "quarters": [
    {
      "date": "2025-07-28",
      "quarter": "Q3 2025",
      "revenue": 64387839.08015779,
      "earnings": 9449768.415432924,
      "eps_actual": 0.0034361234928278837,
      "eps_estimate": 0.0034302660295968197,
      "surprise_percent": 0.17075827881933653,
      "price_on_date": 0.2756269874187389,
      "revenue_growth": -3.235658094088373,
      "earnings_growth": -2.847120003151777
    },
    {
      "date": "2025-04-29",
      "quarter": "Q2 2025",
      "revenue": 61168447.12614989,
      "earnings": 8977279.994661277,
      "eps_actual": 0.0032643173181864894,
      "eps_estimate": 0.003140673901313694,
      "surprise_percent": 3.9368435169623126,
      "price_on_date": 0.2594659192511652,
      "revenue_growth": -2.8444968457666095,
      "earnings_growth": -3.4456725240817474
    },
    {
      "date": "2025-01-29",
      "quarter": "Q1 2025",
      "revenue": 58110024.7698424,
      "earnings": 8528415.994928213,
      "eps_actual": 0.0031011014522771647,
      "eps_estimate": 0.003025186004924142,
      "surprise_percent": 2.5094472614065424,
      "price_on_date": 0.27903628517946705,
      "revenue_growth": -3.781303502353575,
      "earnings_growth": -4.278478776558219
    },
    {
      "date": "2024-10-31",
      "quarter": "Q4 2024",
      "revenue": 55204523.53135028,
      "earnings": 8101995.195181802,
      "eps_actual": 0.0029460463796633063,
      "eps_estimate": 0.0028587920557895507,
      "surprise_percent": 3.052139581018161,
      "price_on_date": 0.2661952842043736,
      "revenue_growth": -2.897410779457443,
      "earnings_growth": -3.3184365119708046
    },
    {
      "date": "2024-08-02",
      "quarter": "Q3 2024",
      "revenue": 52444297.35478276,
      "earnings": 7696895.435422711,
      "eps_actual": 0.0027987440606801407,
      "eps_estimate": 0.0028190511826918984,
      "surprise_percent": -0.7203530796615945,
      "price_on_date": 0.21208658344366868,
      "revenue_growth": -3.713359497390689,
      "earnings_growth": -4.026666739395716
    },
    {
      "date": "2024-05-04",
      "quarter": "Q2 2024",
      "revenue": 49822082.48704361,
      "earnings": 7312050.663651574,
      "eps_actual": 0.0026588068576461335,
      "eps_estimate": 0.002688580575056451,
      "surprise_percent": -1.1074139896176445,
      "price_on_date": 0.2316131556588755,
      "revenue_growth": -4.0128141231904015,
      "earnings_growth": -4.156175866080636
    },
    {
      "date": "2024-02-04",
      "quarter": "Q1 2024",
      "revenue": 47330978.36269143,
      "earnings": 6946448.130468996,
      "eps_actual": 0.002525866514763827,
      "eps_estimate": 0.002539153704186487,
      "surprise_percent": -0.523292048084863,
      "price_on_date": 0.2078880364307625,
      "revenue_growth": -2.98271820839516,
      "earnings_growth": -2.4582371245568178
    },
    {
      "date": "2023-11-06",
      "quarter": "Q4 2023",
      "revenue": 44964429.444556855,
      "earnings": 6599125.723945545,
      "eps_actual": 0.002399573189025635,
      "eps_estimate": 0.0023653493107439107,
      "surprise_percent": 1.4468847424045213,
      "price_on_date": 0.20371553431898332,
      "revenue_growth": -2.9582286251899474,
      "earnings_growth": -2.6467677465160557
    }
  ],
  "metrics": {
    "revenue_trend": [
      {
        "date": "2025-07-28",
        "value": 64387839.08015779
      },
      {
        "date": "2025-04-29",
        "value": 61168447.12614989
      },
      {
        "date": "2025-01-29",
        "value": 58110024.7698424
      },
      {
        "date": "2024-10-31",
        "value": 55204523.53135028
      },
      {
        "date": "2024-08-02",
        "value": 52444297.35478276
      },
      {
        "date": "2024-05-04",
        "value": 49822082.48704361
      },
      {
        "date": "2024-02-04",
        "value": 47330978.36269143
      },
      {
        "date": "2023-11-06",
        "value": 44964429.444556855
      }
    ],
    "eps_trend": [
      {
        "date": "2025-07-28",
        "value": 0.0034361234928278837
      },
      {
        "date": "2025-04-29",
        "value": 0.0032643173181864894
      },
      {
        "date": "2025-01-29",
        "value": 0.0031011014522771647
      },
      {
        "date": "2024-10-31",
        "value": 0.0029460463796633063
      },
      {
        "date": "2024-08-02",
        "value": 0.0027987440606801407
      },
      {
        "date": "2024-05-04",
        "value": 0.0026588068576461335
      },
      {
        "date": "2024-02-04",
        "value": 0.002525866514763827
      },
      {
        "date": "2023-11-06",
        "value": 0.002399573189025635
      }
    ],
    "earnings_dates": [
      "2025-07-28",
      "2025-04-29",
      "2025-01-29",
      "2024-10-31",
      "2024-08-02",
      "2024-05-04",
      "2024-02-04",
      "2023-11-06"
    ]
  },
  "analysis": {
    "avg_revenue_growth": -3.1897173054165004,
    "avg_earnings_surprise": 2.4172971595515884,
    "consistency_score": 86,
    "trend_direction": "stable"
  }
}