{
  "ticker": "STZ",
  "quarters": [
    {
      "date": "2025-07-28",
      "quarter": "Q3 2025",
      "revenue": 35138059.12431082,
      "earnings": 13039358.334716529,
      "eps_actual": 0.03703819301244322,
      "eps_estimate": 0.036968651219503004,
      "surprise_percent": 0.18811017076956735,
      "price_on_date": 3.4249719517353245,
      "revenue_growth": 47.100746499675736,
      "earnings_growth": 43.15030130491403
    },
    {
      "date": "2025-04-29",
      "quarter": "Q2 2025",
      "revenue": 33381156.16809528,
      "earnings": 12387390.417980703,
      "eps_actual": 0.03518628336182106,
      "eps_estimate": 0.03507181695169758,
      "surprise_percent": 0.32637718850188313,
      "price_on_date": 3.5097520641036466,
      "revenue_growth": 44.730040849899304,
      "earnings_growth": 46.206007699850915
    },
    {
      "date": "2025-01-29",
      "quarter": "Q1 2025",
      "revenue": 31712098.359690513,
      "earnings": 11768020.897081666,
      "eps_actual": 0.03342696919373,
      "eps_estimate": 0.03370164347959662,
      "surprise_percent": -0.8150174813667934,
      "price_on_date": 3.655608704761419,
      "revenue_growth": 36.958208985752165,
      "earnings_growth": 36.52172955038056
    },
    {
      "date": "2024-10-31",
      "quarter": "Q4 2024",
      "revenue": 30126493.441705987,
      "earnings": 11179619.852227584,
      "eps_actual": 0.031755620734043505,
      "eps_estimate": 0.030190808362160853,
      "surprise_percent": 5.183075435117807,
      "price_on_date": 2.912982612951508,
      "revenue_growth": 50.31512348378735,
      "earnings_growth": 44.224423148827135
    },
    {
      "date": "2024-08-02",
      "quarter": "Q3 2024",
      "revenue": 28620168.769620687,
      "earnings": 10620638.859616203,
      "eps_actual": 0.030167839697341325,
      "eps_estimate": 0.029678737950099694,
      "surprise_percent": 1.6479870136795656,
      "price_on_date": 3.1883040902624646,
      "revenue_growth": 42.90751316655361,
      "earnings_growth": 50.136931834917036
    },
    {
      "date": "2024-05-04",
      "quarter": "Q2 2024",
      "revenue": 27189160.331139646,
      "earnings": 10089606.91663539,
      "eps_actual": 0.02865944771247425,
      "eps_estimate": 0.027548783162437123,
      "surprise_percent": 4.031628342668592,
      "price_on_date": 2.944071914208437,
      "revenue_growth": 49.18342320444729,
      "earnings_growth": 48.620478161235525
    },
    {
      "date": "2024-02-04",
      "quarter": "Q1 2024",
      "revenue": 25829702.31458267,
      "earnings": 9585126.570803624,
      "eps_actual": 0.027226475326850547,
      "eps_estimate": 0.027067555027954816,
      "surprise_percent": 0.587124691282982,
      "price_on_date": 2.862934398950253,
      "revenue_growth": 48.27114212947492,
      "earnings_growth": 35.07155216853624
    },
    {
      "date": "2023-11-06",
      "quarter": "Q4 2023",
      "revenue": 24538217.19885353,
      "earnings": 9105870.24226344,
      "eps_actual": 0.02586515156050801,
      "eps_estimate": 0.02513284515026434,
      "surprise_percent": 2.9137425781496478,
      "price_on_date": 2.806534949229675,
      "revenue_growth": 41.654631664326914,
      "earnings_growth": 33.67111645320048
    }
  ],
  "metrics": {
    "revenue_trend": [
      {
        "date": "2025-07-28",
        "value": 35138059.12431082
      },
      {
        "date": "2025-04-29",
        "value": 33381156.16809528
      },
      {
        "date": "2025-01-29",
        "value": 31712098.359690513
      },
      {
        "date": "2024-10-31",
        "value": 30126493.441705987
      },
      {
        "date": "2024-08-02",
        "value": 28620168.769620687
      },
      {
        "date": "2024-05-04",
        "value": 27189160.331139646
      },
      {
        "date": "2024-02-04",
        "value": 25829702.31458267
      },
      {
        "date": "2023-11-06",
        "value": 24538217.19885353
      }
    ],
    "eps_trend": [
      {
        "date": "2025-07-28",
        "value": 0.03703819301244322
      },
      {
        "date": "2025-04-29",
        "value": 0.03518628336182106
      },
      {
        "date": "2025-01-29",
        "value": 0.03342696919373
      },
      {
        "date": "2024-10-31",
        "value": 0.031755620734043505
      },
      {
        "date": "2024-08-02",
        "value": 0.030167839697341325
      },
      {
        "date": "2024-05-04",
        "value": 0.02865944771247425
      },
      {
        "date": "2024-02-04",
        "value": 0.027226475326850547
      },
      {
        "date": "2023-11-06",
        "value": 0.02586515156050801
      }
    ],
    "earnings_dates": [
      "2025-07-28",
      "2025-04-29",
      "2025-01-29",
      "2024-10-31",
      "2024-08-02",
      "2024-05-04",
      "2024-02-04",
      "2023-11-06"
    ]
  },
  "analysis": {
    "avg_revenue_growth": 44.77602995477864,
    "avg_earnings_surprise": 1.220636328255616,
    "consistency_score": 72,
    "trend_direction": "growing"
  }
}