{
  "ticker": "SW",
  "quarters": [
    {
      "date": "2025-07-28",
      "quarter": "Q3 2025",
      "revenue": 119750740.61530991,
      "earnings": 3406625.5896374686,
      "eps_actual": 0.0009747456398509359,
      "eps_estimate": 0.0009261980264174903,
      "surprise_percent": 5.241601908959626,
      "price_on_date": 0.41295945137900053,
      "revenue_growth": 13.103764141391094,
      "earnings_growth": 12.062719129593718
    },
    {
      "date": "2025-04-29",
      "quarter": "Q2 2025",
      "revenue": 113763203.5845444,
      "earnings": 3236294.310155595,
      "eps_actual": 0.0009260083578583891,
      "eps_estimate": 0.0008886777962326575,
      "surprise_percent": 4.200685758548906,
      "price_on_date": 0.4414296902351757,
      "revenue_growth": 15.10454842619987,
      "earnings_growth": 16.863561373130498
    },
    {
      "date": "2025-01-29",
      "quarter": "Q1 2025",
      "revenue": 108075043.40531719,
      "earnings": 3074479.5946478155,
      "eps_actual": 0.0008797079399654696,
      "eps_estimate": 0.00089000413618521,
      "surprise_percent": -1.156870603306704,
      "price_on_date": 0.37525723567131686,
      "revenue_growth": 15.25936023522945,
      "earnings_growth": 16.22749321976459
    },
    {
      "date": "2024-10-31",
      "quarter": "Q4 2024",
      "revenue": 102671291.23505132,
      "earnings": 2920755.6149154245,
      "eps_actual": 0.0008357225429671961,
      "eps_estimate": 0.0008007406165996333,
      "surprise_percent": 4.368696384618835,
      "price_on_date": 0.3568132601968787,
      "revenue_growth": 14.06145067120401,
      "earnings_growth": 17.16716004556009
    },
    {
      "date": "2024-08-02",
      "quarter": "Q3 2024",
      "revenue": 97537726.67329875,
      "earnings": 2774717.834169653,
      "eps_actual": 0.0007939364158188361,
      "eps_estimate": 0.000778935270307367,
      "surprise_percent": 1.9258526456954126,
      "price_on_date": 0.3647863545396335,
      "revenue_growth": 11.054495728807478,
      "earnings_growth": 11.89097707327745
    },
    {
      "date": "2024-05-04",
      "quarter": "Q2 2024",
      "revenue": 92660840.33963381,
      "earnings": 2635981.9424611703,
      "eps_actual": 0.0007542395950278943,
      "eps_estimate": 0.0007686019174797607,
      "surprise_percent": -1.8686295369858466,
      "price_on_date": 0.3436248161032055,
      "revenue_growth": 13.51417411183337,
      "earnings_growth": 11.014312250826336
    },
    {
      "date": "2024-02-04",
      "quarter": "Q1 2024",
      "revenue": 88027798.32265212,
      "earnings": 2504182.8453381117,
      "eps_actual": 0.0007165276152764997,
      "eps_estimate": 0.0007024537594716527,
      "surprise_percent": 2.0035277219432315,
      "price_on_date": 0.2938891096300013,
      "revenue_growth": 13.045893695735186,
      "earnings_growth": 13.447733429706584
    },
    {
      "date": "2023-11-06",
      "quarter": "Q4 2023",
      "revenue": 83626408.4065195,
      "earnings": 2378973.703071206,
      "eps_actual": 0.0006807012345126746,
      "eps_estimate": 0.0006675927220364096,
      "surprise_percent": 1.9635493383269882,
      "price_on_date": 0.3071790687313757,
      "revenue_growth": 13.049923444789444,
      "earnings_growth": 13.938891384925167
    }
  ],
  "metrics": {
    "revenue_trend": [
      {
        "date": "2025-07-28",
        "value": 119750740.61530991
      },
      {
        "date": "2025-04-29",
        "value": 113763203.5845444
      },
      {
        "date": "2025-01-29",
        "value": 108075043.40531719
      },
      {
        "date": "2024-10-31",
        "value": 102671291.23505132
      },
      {
        "date": "2024-08-02",
        "value": 97537726.67329875
      },
      {
        "date": "2024-05-04",
        "value": 92660840.33963381
      },
      {
        "date": "2024-02-04",
        "value": 88027798.32265212
      },
      {
        "date": "2023-11-06",
        "value": 83626408.4065195
      }
    ],
    "eps_trend": [
      {
        "date": "2025-07-28",
        "value": 0.0009747456398509359
      },
      {
        "date": "2025-04-29",
        "value": 0.0009260083578583891
      },
      {
        "date": "2025-01-29",
        "value": 0.0008797079399654696
      },
      {
        "date": "2024-10-31",
        "value": 0.0008357225429671961
      },
      {
        "date": "2024-08-02",
        "value": 0.0007939364158188361
      },
      {
        "date": "2024-05-04",
        "value": 0.0007542395950278943
      },
      {
        "date": "2024-02-04",
        "value": 0.0007165276152764997
      },
      {
        "date": "2023-11-06",
        "value": 0.0006807012345126746
      }
    ],
    "earnings_dates": [
      "2025-07-28",
      "2025-04-29",
      "2025-01-29",
      "2024-10-31",
      "2024-08-02",
      "2024-05-04",
      "2024-02-04",
      "2023-11-06"
    ]
  },
  "analysis": {
    "avg_revenue_growth": 14.382280868506108,
    "avg_earnings_surprise": 3.1635283622051658,
    "consistency_score": 61,
    "trend_direction": "growing"
  }
}