{
  "ticker": "SWK",
  "quarters": [
    {
      "date": "2025-07-28",
      "quarter": "Q3 2025",
      "revenue": 69247501.02283742,
      "earnings": 3896107.3873952776,
      "eps_actual": 0.0011235566533046967,
      "eps_estimate": 0.0010734236486067592,
      "surprise_percent": 4.6703838473287975,
      "price_on_date": 0.30533946624755304,
      "revenue_growth": 17.254541697406708,
      "earnings_growth": 16.13585623256187
    },
    {
      "date": "2025-04-29",
      "quarter": "Q2 2025",
      "revenue": 65785125.97169554,
      "earnings": 3701302.0180255133,
      "eps_actual": 0.0010673788206394617,
      "eps_estimate": 0.0010743221595258257,
      "surprise_percent": -0.6462995131207734,
      "price_on_date": 0.351067686285946,
      "revenue_growth": 16.918154704639534,
      "earnings_growth": 19.614605624473253
    },
    {
      "date": "2025-01-29",
      "quarter": "Q1 2025",
      "revenue": 62495869.67311077,
      "earnings": 3516236.917124238,
      "eps_actual": 0.0010140098796074888,
      "eps_estimate": 0.000982020480427331,
      "surprise_percent": 3.257508353210454,
      "price_on_date": 0.30584808873941516,
      "revenue_growth": 15.966583952048884,
      "earnings_growth": 20.715857578178145
    },
    {
      "date": "2024-10-31",
      "quarter": "Q4 2024",
      "revenue": 59371076.18945522,
      "earnings": 3340425.0712680253,
      "eps_actual": 0.0009633093856271141,
      "eps_estimate": 0.000945743132309136,
      "surprise_percent": 1.8574021547572013,
      "price_on_date": 0.2891157280686545,
      "revenue_growth": 15.226095949301412,
      "earnings_growth": 20.869699534776068
    },
    {
      "date": "2024-08-02",
      "quarter": "Q3 2024",
      "revenue": 56402522.37998246,
      "earnings": 3173403.817704624,
      "eps_actual": 0.0009151439163457584,
      "eps_estimate": 0.0008734043840568742,
      "surprise_percent": 4.778946963262111,
      "price_on_date": 0.3006858048721463,
      "revenue_growth": 16.062262682609052,
      "earnings_growth": 19.225488980370542
    },
    {
      "date": "2024-05-04",
      "quarter": "Q2 2024",
      "revenue": 53582396.260983326,
      "earnings": 3014733.6268193927,
      "eps_actual": 0.0008693867205284704,
      "eps_estimate": 0.0008408261404395964,
      "surprise_percent": 3.396728374065789,
      "price_on_date": 0.25948054620832545,
      "revenue_growth": 19.32421219269725,
      "earnings_growth": 14.593843304018932
    },
    {
      "date": "2024-02-04",
      "quarter": "Q1 2024",
      "revenue": 50903276.447934166,
      "earnings": 2863996.945478423,
      "eps_actual": 0.0008259173845020469,
      "eps_estimate": 0.0008323186188241623,
      "surprise_percent": -0.7690846002170024,
      "price_on_date": 0.2586901819706981,
      "revenue_growth": 16.98971669547543,
      "earnings_growth": 13.567472525155166
    },
    {
      "date": "2023-11-06",
      "quarter": "Q4 2023",
      "revenue": 48358112.62553745,
      "earnings": 2720797.0982045014,
      "eps_actual": 0.0007846215152769444,
      "eps_estimate": 0.0007535953641672813,
      "surprise_percent": 4.117083594847585,
      "price_on_date": 0.23548527057630989,
      "revenue_growth": 16.136883112236394,
      "earnings_growth": 22.50611580883043
    }
  ],
  "metrics": {
    "revenue_trend": [
      {
        "date": "2025-07-28",
        "value": 69247501.02283742
      },
      {
        "date": "2025-04-29",
        "value": 65785125.97169554
      },
      {
        "date": "2025-01-29",
        "value": 62495869.67311077
      },
      {
        "date": "2024-10-31",
        "value": 59371076.18945522
      },
      {
        "date": "2024-08-02",
        "value": 56402522.37998246
      },
      {
        "date": "2024-05-04",
        "value": 53582396.260983326
      },
      {
        "date": "2024-02-04",
        "value": 50903276.447934166
      },
      {
        "date": "2023-11-06",
        "value": 48358112.62553745
      }
    ],
    "eps_trend": [
      {
        "date": "2025-07-28",
        "value": 0.0011235566533046967
      },
      {
        "date": "2025-04-29",
        "value": 0.0010673788206394617
      },
      {
        "date": "2025-01-29",
        "value": 0.0010140098796074888
      },
      {
        "date": "2024-10-31",
        "value": 0.0009633093856271141
      },
      {
        "date": "2024-08-02",
        "value": 0.0009151439163457584
      },
      {
        "date": "2024-05-04",
        "value": 0.0008693867205284704
      },
      {
        "date": "2024-02-04",
        "value": 0.0008259173845020469
      },
      {
        "date": "2023-11-06",
        "value": 0.0007846215152769444
      }
    ],
    "earnings_dates": [
      "2025-07-28",
      "2025-04-29",
      "2025-01-29",
      "2024-10-31",
      "2024-08-02",
      "2024-05-04",
      "2024-02-04",
      "2023-11-06"
    ]
  },
  "analysis": {
    "avg_revenue_growth": 16.341344075849136,
    "avg_earnings_surprise": 2.2847487105439197,
    "consistency_score": 85,
    "trend_direction": "growing"
  }
}