{
  "ticker": "SWKS",
  "quarters": [
    {
      "date": "2025-07-28",
      "quarter": "Q3 2025",
      "revenue": 90559942.73801334,
      "earnings": 1899685.5732446793,
      "eps_actual": 0.0037768055375806747,
      "eps_estimate": 0.003820071134351871,
      "surprise_percent": -1.1325861548004161,
      "price_on_date": 0.9276080695940294,
      "revenue_growth": 35.363111960268206,
      "earnings_growth": 45.62809793524379
    },
    {
      "date": "2025-04-29",
      "quarter": "Q2 2025",
      "revenue": 86031945.60111266,
      "earnings": 1804701.2945824452,
      "eps_actual": 0.0035879652607016406,
      "eps_estimate": 0.003637840321750388,
      "surprise_percent": -1.3710074285159741,
      "price_on_date": 0.7575223575947257,
      "revenue_growth": 43.386992129331894,
      "earnings_growth": 40.74594961586783
    },
    {
      "date": "2025-01-29",
      "quarter": "Q1 2025",
      "revenue": 81730348.32105704,
      "earnings": 1714466.229853323,
      "eps_actual": 0.0034085669976665588,
      "eps_estimate": 0.003250629098317709,
      "surprise_percent": 4.858687182446835,
      "price_on_date": 0.7320353542816489,
      "revenue_growth": 41.60004283797456,
      "earnings_growth": 31.275334665027962
    },
    {
      "date": "2024-10-31",
      "quarter": "Q4 2024",
      "revenue": 77643830.90500417,
      "earnings": 1628742.9183606566,
      "eps_actual": 0.0032381386477832305,
      "eps_estimate": 0.0031207876341152146,
      "surprise_percent": 3.7603011619624818,
      "price_on_date": 0.77694032303841,
      "revenue_growth": 35.71914694466114,
      "earnings_growth": 34.87618250815564
    },
    {
      "date": "2024-08-02",
      "quarter": "Q3 2024",
      "revenue": 73761639.35975397,
      "earnings": 1547305.7724426237,
      "eps_actual": 0.0030762317153940687,
      "eps_estimate": 0.003040928572897553,
      "surprise_percent": 1.1609329732752254,
      "price_on_date": 0.7294994655986775,
      "revenue_growth": 33.96905990879408,
      "earnings_growth": 44.164910450410304
    },
    {
      "date": "2024-05-04",
      "quarter": "Q2 2024",
      "revenue": 70073557.39176627,
      "earnings": 1469940.4838204926,
      "eps_actual": 0.0029224201296243657,
      "eps_estimate": 0.0027799576397595,
      "surprise_percent": 5.124628081641931,
      "price_on_date": 0.6730796343811375,
      "revenue_growth": 36.520097755817964,
      "earnings_growth": 32.55349855105438
    },
    {
      "date": "2024-02-04",
      "quarter": "Q1 2024",
      "revenue": 66569879.52217795,
      "earnings": 1396443.459629468,
      "eps_actual": 0.002776299123143147,
      "eps_estimate": 0.00273760372715874,
      "surprise_percent": 1.4134768885841547,
      "price_on_date": 0.6675654004742014,
      "revenue_growth": 47.824780941971284,
      "earnings_growth": 30.22806274891275
    },
    {
      "date": "2023-11-06",
      "quarter": "Q4 2023",
      "revenue": 63241385.54606904,
      "earnings": 1326621.2866479943,
      "eps_actual": 0.002637484166985989,
      "eps_estimate": 0.0026862316598417063,
      "surprise_percent": -1.8147166376033923,
      "price_on_date": 0.5869376963673197,
      "revenue_growth": 42.710906295280395,
      "earnings_growth": 42.667609525709715
    }
  ],
  "metrics": {
    "revenue_trend": [
      {
        "date": "2025-07-28",
        "value": 90559942.73801334
      },
      {
        "date": "2025-04-29",
        "value": 86031945.60111266
      },
      {
        "date": "2025-01-29",
        "value": 81730348.32105704
      },
      {
        "date": "2024-10-31",
        "value": 77643830.90500417
      },
      {
        "date": "2024-08-02",
        "value": 73761639.35975397
      },
      {
        "date": "2024-05-04",
        "value": 70073557.39176627
      },
      {
        "date": "2024-02-04",
        "value": 66569879.52217795
      },
      {
        "date": "2023-11-06",
        "value": 63241385.54606904
      }
    ],
    "eps_trend": [
      {
        "date": "2025-07-28",
        "value": 0.0037768055375806747
      },
      {
        "date": "2025-04-29",
        "value": 0.0035879652607016406
      },
      {
        "date": "2025-01-29",
        "value": 0.0034085669976665588
      },
      {
        "date": "2024-10-31",
        "value": 0.0032381386477832305
      },
      {
        "date": "2024-08-02",
        "value": 0.0030762317153940687
      },
      {
        "date": "2024-05-04",
        "value": 0.0029224201296243657
      },
      {
        "date": "2024-02-04",
        "value": 0.002776299123143147
      },
      {
        "date": "2023-11-06",
        "value": 0.002637484166985989
      }
    ],
    "earnings_dates": [
      "2025-07-28",
      "2025-04-29",
      "2025-01-29",
      "2024-10-31",
      "2024-08-02",
      "2024-05-04",
      "2024-02-04",
      "2023-11-06"
    ]
  },
  "analysis": {
    "avg_revenue_growth": 39.01732346805895,
    "avg_earnings_surprise": 1.5288486902732317,
    "consistency_score": 61,
    "trend_direction": "growing"
  }
}