{
  "ticker": "SYF",
  "quarters": [
    {
      "date": "2025-07-28",
      "quarter": "Q3 2025",
      "revenue": 550601420.8628933,
      "earnings": 9091586.185613448,
      "eps_actual": 0.015901546272301177,
      "eps_estimate": 0.01608577792451306,
      "surprise_percent": -1.1453076940166613,
      "price_on_date": 122.06160947733201,
      "revenue_growth": -2.0545103702071867,
      "earnings_growth": -1.7263278331874066
    },
    {
      "date": "2025-04-29",
      "quarter": "Q2 2025",
      "revenue": 523071349.81974864,
      "earnings": 8637006.876332775,
      "eps_actual": 0.015106468958686116,
      "eps_estimate": 0.014864925027436174,
      "surprise_percent": 1.6249253245752986,
      "price_on_date": 119.98368473426798,
      "revenue_growth": -1.6916396762113353,
      "earnings_growth": -1.865989092979472
    },
    {
      "date": "2025-01-29",
      "quarter": "Q1 2025",
      "revenue": 496917782.3287612,
      "earnings": 8205156.532516137,
      "eps_actual": 0.014351145510751812,
      "eps_estimate": 0.014409704702556276,
      "surprise_percent": -0.4063871745690666,
      "price_on_date": 112.72251550849457,
      "revenue_growth": -1.861015963166019,
      "earnings_growth": -1.9609928245842545
    },
    {
      "date": "2024-10-31",
      "quarter": "Q4 2024",
      "revenue": 472071893.2123231,
      "earnings": 7794898.70589033,
      "eps_actual": 0.013633588235214222,
      "eps_estimate": 0.013644097117165478,
      "surprise_percent": -0.07702145375405653,
      "price_on_date": 101.22955999747967,
      "revenue_growth": -1.6949827463720413,
      "earnings_growth": -1.8121683115006884
    },
    {
      "date": "2024-08-02",
      "quarter": "Q3 2024",
      "revenue": 448468298.55170697,
      "earnings": 7405153.770595812,
      "eps_actual": 0.012951908823453508,
      "eps_estimate": 0.013144207953299207,
      "surprise_percent": -1.462995187910361,
      "price_on_date": 98.13855911726434,
      "revenue_growth": -1.8068128394076353,
      "earnings_growth": -2.3836799307694228
    },
    {
      "date": "2024-05-04",
      "quarter": "Q2 2024",
      "revenue": 426044883.62412155,
      "earnings": 7034896.082066021,
      "eps_actual": 0.012304313382280831,
      "eps_estimate": 0.01231634718808217,
      "surprise_percent": -0.09770596441924856,
      "price_on_date": 87.15767114028358,
      "revenue_growth": -2.0160541291064513,
      "earnings_growth": -1.9941224602508203
    },
    {
      "date": "2024-02-04",
      "quarter": "Q1 2024",
      "revenue": 404742639.4429155,
      "earnings": 6683151.27796272,
      "eps_actual": 0.01168909771316679,
      "eps_estimate": 0.01145152077954301,
      "surprise_percent": 2.0746321663074463,
      "price_on_date": 95.53886115131428,
      "revenue_growth": -1.7872757573646343,
      "earnings_growth": -1.3801515790515866
    },
    {
      "date": "2023-11-06",
      "quarter": "Q4 2023",
      "revenue": 384505507.47076964,
      "earnings": 6348993.714064583,
      "eps_actual": 0.01110464282750845,
      "eps_estimate": 0.010795791626171242,
      "surprise_percent": 2.860848115931475,
      "price_on_date": 85.78769857516713,
      "revenue_growth": -2.052941941604441,
      "earnings_growth": -1.4752994893875546
    }
  ],
  "metrics": {
    "revenue_trend": [
      {
        "date": "2025-07-28",
        "value": 550601420.8628933
      },
      {
        "date": "2025-04-29",
        "value": 523071349.81974864
      },
      {
        "date": "2025-01-29",
        "value": 496917782.3287612
      },
      {
        "date": "2024-10-31",
        "value": 472071893.2123231
      },
      {
        "date": "2024-08-02",
        "value": 448468298.55170697
      },
      {
        "date": "2024-05-04",
        "value": 426044883.62412155
      },
      {
        "date": "2024-02-04",
        "value": 404742639.4429155
      },
      {
        "date": "2023-11-06",
        "value": 384505507.47076964
      }
    ],
    "eps_trend": [
      {
        "date": "2025-07-28",
        "value": 0.015901546272301177
      },
      {
        "date": "2025-04-29",
        "value": 0.015106468958686116
      },
      {
        "date": "2025-01-29",
        "value": 0.014351145510751812
      },
      {
        "date": "2024-10-31",
        "value": 0.013633588235214222
      },
      {
        "date": "2024-08-02",
        "value": 0.012951908823453508
      },
      {
        "date": "2024-05-04",
        "value": 0.012304313382280831
      },
      {
        "date": "2024-02-04",
        "value": 0.01168909771316679
      },
      {
        "date": "2023-11-06",
        "value": 0.01110464282750845
      }
    ],
    "earnings_dates": [
      "2025-07-28",
      "2025-04-29",
      "2025-01-29",
      "2024-10-31",
      "2024-08-02",
      "2024-05-04",
      "2024-02-04",
      "2023-11-06"
    ]
  },
  "analysis": {
    "avg_revenue_growth": -1.8255371889891454,
    "avg_earnings_surprise": -0.0009477494411214635,
    "consistency_score": 76,
    "trend_direction": "stable"
  }
}