{
  "ticker": "SYK",
  "quarters": [
    {
      "date": "2025-07-28",
      "quarter": "Q3 2025",
      "revenue": 35610483.15584834,
      "earnings": 875716.5844144201,
      "eps_actual": 0.0001932692125505901,
      "eps_estimate": 0.0001897870421800092,
      "surprise_percent": 1.8347777227478574,
      "price_on_date": 0.2357225933112005,
      "revenue_growth": 10.25288750909762,
      "earnings_growth": 11.012402434678794
    },
    {
      "date": "2025-04-29",
      "quarter": "Q2 2025",
      "revenue": 33829958.99805592,
      "earnings": 831930.7551936989,
      "eps_actual": 0.00018360575192306056,
      "eps_estimate": 0.00018509353635790262,
      "surprise_percent": -0.8038013990749138,
      "price_on_date": 0.24797969808049247,
      "revenue_growth": 8.685290939263203,
      "earnings_growth": 11.879029286698996
    },
    {
      "date": "2025-01-29",
      "quarter": "Q1 2025",
      "revenue": 32138461.048153125,
      "earnings": 790334.2174340141,
      "eps_actual": 0.00017442546432690757,
      "eps_estimate": 0.00017274329922384237,
      "surprise_percent": 0.9737947061468561,
      "price_on_date": 0.22067561501567495,
      "revenue_growth": 8.07347390520508,
      "earnings_growth": 11.920488788335847
    },
    {
      "date": "2024-10-31",
      "quarter": "Q4 2024",
      "revenue": 30531537.995745465,
      "earnings": 750817.5065623133,
      "eps_actual": 0.00016570419111056216,
      "eps_estimate": 0.00016554134191897586,
      "surprise_percent": 0.09837372930443444,
      "price_on_date": 0.2144003239179244,
      "revenue_growth": 11.642690987627587,
      "earnings_growth": 10.994936931502519
    },
    {
      "date": "2024-08-02",
      "quarter": "Q3 2024",
      "revenue": 29004961.095958192,
      "earnings": 713276.6312341975,
      "eps_actual": 0.00015741898155503405,
      "eps_estimate": 0.00015135038563479766,
      "surprise_percent": 4.009633602704958,
      "price_on_date": 0.17846640513573875,
      "revenue_growth": 9.909441268870967,
      "earnings_growth": 7.634514107149577
    },
    {
      "date": "2024-05-04",
      "quarter": "Q2 2024",
      "revenue": 27554713.041160278,
      "earnings": 677612.7996724877,
      "eps_actual": 0.00014954803247728234,
      "eps_estimate": 0.00015201335394082714,
      "surprise_percent": -1.621779534253585,
      "price_on_date": 0.18994613226137555,
      "revenue_growth": 8.233725389529022,
      "earnings_growth": 9.987781795416156
    },
    {
      "date": "2024-02-04",
      "quarter": "Q1 2024",
      "revenue": 26176977.389102265,
      "earnings": 643732.1596888632,
      "eps_actual": 0.0001420706308534182,
      "eps_estimate": 0.00013775697368289579,
      "surprise_percent": 3.1313530307743718,
      "price_on_date": 0.16351619232094994,
      "revenue_growth": 9.828914633832659,
      "earnings_growth": 10.842197044601178
    },
    {
      "date": "2023-11-06",
      "quarter": "Q4 2023",
      "revenue": 24868128.519647148,
      "earnings": 611545.55170442,
      "eps_actual": 0.00013496709931074729,
      "eps_estimate": 0.00013676664735112138,
      "surprise_percent": -1.315779888757609,
      "price_on_date": 0.18487132391443373,
      "revenue_growth": 9.818616569321174,
      "earnings_growth": 12.385437507069222
    }
  ],
  "metrics": {
    "revenue_trend": [
      {
        "date": "2025-07-28",
        "value": 35610483.15584834
      },
      {
        "date": "2025-04-29",
        "value": 33829958.99805592
      },
      {
        "date": "2025-01-29",
        "value": 32138461.048153125
      },
      {
        "date": "2024-10-31",
        "value": 30531537.995745465
      },
      {
        "date": "2024-08-02",
        "value": 29004961.095958192
      },
      {
        "date": "2024-05-04",
        "value": 27554713.041160278
      },
      {
        "date": "2024-02-04",
        "value": 26176977.389102265
      },
      {
        "date": "2023-11-06",
        "value": 24868128.519647148
      }
    ],
    "eps_trend": [
      {
        "date": "2025-07-28",
        "value": 0.0001932692125505901
      },
      {
        "date": "2025-04-29",
        "value": 0.00018360575192306056
      },
      {
        "date": "2025-01-29",
        "value": 0.00017442546432690757
      },
      {
        "date": "2024-10-31",
        "value": 0.00016570419111056216
      },
      {
        "date": "2024-08-02",
        "value": 0.00015741898155503405
      },
      {
        "date": "2024-05-04",
        "value": 0.00014954803247728234
      },
      {
        "date": "2024-02-04",
        "value": 0.0001420706308534182
      },
      {
        "date": "2023-11-06",
        "value": 0.00013496709931074729
      }
    ],
    "earnings_dates": [
      "2025-07-28",
      "2025-04-29",
      "2025-01-29",
      "2024-10-31",
      "2024-08-02",
      "2024-05-04",
      "2024-02-04",
      "2023-11-06"
    ]
  },
  "analysis": {
    "avg_revenue_growth": 9.663585835298372,
    "avg_earnings_surprise": 0.5257861897810585,
    "consistency_score": 77,
    "trend_direction": "growing"
  }
}