{
  "ticker": "SYY",
  "quarters": [
    {
      "date": "2025-07-28",
      "quarter": "Q3 2025",
      "revenue": 19592097.409009032,
      "earnings": 603861.7616637311,
      "eps_actual": 0.00021430423918511972,
      "eps_estimate": 0.00021359847206112512,
      "surprise_percent": 0.33041768378972114,
      "price_on_date": 0.12181677301416406,
      "revenue_growth": 3.4752598795818206,
      "earnings_growth": 3.8392242341074967
    },
    {
      "date": "2025-04-29",
      "quarter": "Q2 2025",
      "revenue": 18612492.53855858,
      "earnings": 573668.6735805445,
      "eps_actual": 0.00020358902722586374,
      "eps_estimate": 0.00019505277398513266,
      "surprise_percent": 4.376381358914553,
      "price_on_date": 0.10916586532119102,
      "revenue_growth": 3.1483759372064637,
      "earnings_growth": 2.494649356941864
    },
    {
      "date": "2025-01-29",
      "quarter": "Q1 2025",
      "revenue": 17681867.91163065,
      "earnings": 544985.2399015173,
      "eps_actual": 0.00019340957586457057,
      "eps_estimate": 0.0001928423157133147,
      "surprise_percent": 0.2941575085103001,
      "price_on_date": 0.11000270724088733,
      "revenue_growth": 3.0602573075565105,
      "earnings_growth": 3.2079902622290493
    },
    {
      "date": "2024-10-31",
      "quarter": "Q4 2024",
      "revenue": 16797774.516049117,
      "earnings": 517735.9779064414,
      "eps_actual": 0.000183739097071342,
      "eps_estimate": 0.0001799718427124389,
      "surprise_percent": 2.093246533527164,
      "price_on_date": 0.10881244197335953,
      "revenue_growth": 3.1853129159136646,
      "earnings_growth": 3.4291429872497123
    },
    {
      "date": "2024-08-02",
      "quarter": "Q3 2024",
      "revenue": 15957885.79024666,
      "earnings": 491849.1790111193,
      "eps_actual": 0.0001745521422177749,
      "eps_estimate": 0.00017300251486718267,
      "surprise_percent": 0.895725331959429,
      "price_on_date": 0.0898666971133745,
      "revenue_growth": 3.063222883974881,
      "earnings_growth": 2.935693022088322
    },
    {
      "date": "2024-05-04",
      "quarter": "Q2 2024",
      "revenue": 15159991.500734325,
      "earnings": 467256.7200605633,
      "eps_actual": 0.00016582453510688615,
      "eps_estimate": 0.00016017248362525398,
      "surprise_percent": 3.5287281271456945,
      "price_on_date": 0.08284599326160125,
      "revenue_growth": 2.4993685984182052,
      "earnings_growth": 2.309570408420131
    },
    {
      "date": "2024-02-04",
      "quarter": "Q1 2024",
      "revenue": 14401991.92569761,
      "earnings": 443893.88405753515,
      "eps_actual": 0.00015753330835154185,
      "eps_estimate": 0.00015697320535283565,
      "surprise_percent": 0.3568143986403471,
      "price_on_date": 0.08770832785474952,
      "revenue_growth": 2.7629416490270176,
      "earnings_growth": 3.8738092422178045
    },
    {
      "date": "2023-11-06",
      "quarter": "Q4 2023",
      "revenue": 13681892.329412727,
      "earnings": 421699.1898546583,
      "eps_actual": 0.00014965664293396474,
      "eps_estimate": 0.00014382581724288736,
      "surprise_percent": 4.054088343006255,
      "price_on_date": 0.08916608255219831,
      "revenue_growth": 3.004844286634697,
      "earnings_growth": 3.8863747092564442
    }
  ],
  "metrics": {
    "revenue_trend": [
      {
        "date": "2025-07-28",
        "value": 19592097.409009032
      },
      {
        "date": "2025-04-29",
        "value": 18612492.53855858
      },
      {
        "date": "2025-01-29",
        "value": 17681867.91163065
      },
      {
        "date": "2024-10-31",
        "value": 16797774.516049117
      },
      {
        "date": "2024-08-02",
        "value": 15957885.79024666
      },
      {
        "date": "2024-05-04",
        "value": 15159991.500734325
      },
      {
        "date": "2024-02-04",
        "value": 14401991.92569761
      },
      {
        "date": "2023-11-06",
        "value": 13681892.329412727
      }
    ],
    "eps_trend": [
      {
        "date": "2025-07-28",
        "value": 0.00021430423918511972
      },
      {
        "date": "2025-04-29",
        "value": 0.00020358902722586374
      },
      {
        "date": "2025-01-29",
        "value": 0.00019340957586457057
      },
      {
        "date": "2024-10-31",
        "value": 0.000183739097071342
      },
      {
        "date": "2024-08-02",
        "value": 0.0001745521422177749
      },
      {
        "date": "2024-05-04",
        "value": 0.00016582453510688615
      },
      {
        "date": "2024-02-04",
        "value": 0.00015753330835154185
      },
      {
        "date": "2023-11-06",
        "value": 0.00014965664293396474
      }
    ],
    "earnings_dates": [
      "2025-07-28",
      "2025-04-29",
      "2025-01-29",
      "2024-10-31",
      "2024-08-02",
      "2024-05-04",
      "2024-02-04",
      "2023-11-06"
    ]
  },
  "analysis": {
    "avg_revenue_growth": 3.217301510064615,
    "avg_earnings_surprise": 1.7735507711854344,
    "consistency_score": 71,
    "trend_direction": "stable"
  }
}