{
  "ticker": "T",
  "quarters": [
    {
      "date": "2025-07-28",
      "quarter": "Q3 2025",
      "revenue": 52728579982.56819,
      "earnings": 13887744009.235727,
      "eps_actual": 3.5031247047835414,
      "eps_estimate": 3.4107398991960385,
      "surprise_percent": 2.708644115878769,
      "price_on_date": 419.3848312583453,
      "revenue_growth": 9.724316914010505,
      "earnings_growth": 6.8878413189827254
    },
    {
      "date": "2025-04-29",
      "quarter": "Q2 2025",
      "revenue": 50092150983.43978,
      "earnings": 13193356808.773941,
      "eps_actual": 3.3279684695443645,
      "eps_estimate": 3.2886187792092874,
      "surprise_percent": 1.1965415567120974,
      "price_on_date": 390.89678885895484,
      "revenue_growth": 6.834416532316144,
      "earnings_growth": 6.342878181576213
    },
    {
      "date": "2025-01-29",
      "quarter": "Q1 2025",
      "revenue": 47587543434.26779,
      "earnings": 12533688968.335243,
      "eps_actual": 3.161570046067146,
      "eps_estimate": 3.1333916936268307,
      "surprise_percent": 0.8992923705526065,
      "price_on_date": 389.5697219886252,
      "revenue_growth": 7.274345185811832,
      "earnings_growth": 10.140910259437627
    },
    {
      "date": "2024-10-31",
      "quarter": "Q4 2024",
      "revenue": 45208166262.5544,
      "earnings": 11907004519.91848,
      "eps_actual": 3.0034915437637886,
      "eps_estimate": 3.0501732221625764,
      "surprise_percent": -1.5304599115748063,
      "price_on_date": 366.67151190795914,
      "revenue_growth": 8.693010783452916,
      "earnings_growth": 8.16269366434677
    },
    {
      "date": "2024-08-02",
      "quarter": "Q3 2024",
      "revenue": 42947757949.426674,
      "earnings": 11311654293.922556,
      "eps_actual": 2.853316966575599,
      "eps_estimate": 2.7733072075249563,
      "surprise_percent": 2.8849944511573837,
      "price_on_date": 321.2613439066574,
      "revenue_growth": 9.511249545670308,
      "earnings_growth": 9.718365943998107
    },
    {
      "date": "2024-05-04",
      "quarter": "Q2 2024",
      "revenue": 40800370051.95534,
      "earnings": 10746071579.226427,
      "eps_actual": 2.710651118246819,
      "eps_estimate": 2.738572408510043,
      "surprise_percent": -1.0195564001324018,
      "price_on_date": 294.8520293605368,
      "revenue_growth": 9.738090152442947,
      "earnings_growth": 9.596842450843988
    },
    {
      "date": "2024-02-04",
      "quarter": "Q1 2024",
      "revenue": 38760351549.357574,
      "earnings": 10208768000.265106,
      "eps_actual": 2.575118562334478,
      "eps_estimate": 2.588140089474062,
      "surprise_percent": -0.5031229643458083,
      "price_on_date": 321.02981714503744,
      "revenue_growth": 9.563807747015609,
      "earnings_growth": 10.538165688090027
    },
    {
      "date": "2023-11-06",
      "quarter": "Q4 2023",
      "revenue": 36822333971.88969,
      "earnings": 9698329600.251848,
      "eps_actual": 2.4463626342177536,
      "eps_estimate": 2.394132026381355,
      "surprise_percent": 2.1816093373657206,
      "price_on_date": 280.2655731551646,
      "revenue_growth": 6.6809017699234365,
      "earnings_growth": 9.212703469238548
    }
  ],
  "metrics": {
    "revenue_trend": [
      {
        "date": "2025-07-28",
        "value": 52728579982.56819
      },
      {
        "date": "2025-04-29",
        "value": 50092150983.43978
      },
      {
        "date": "2025-01-29",
        "value": 47587543434.26779
      },
      {
        "date": "2024-10-31",
        "value": 45208166262.5544
      },
      {
        "date": "2024-08-02",
        "value": 42947757949.426674
      },
      {
        "date": "2024-05-04",
        "value": 40800370051.95534
      },
      {
        "date": "2024-02-04",
        "value": 38760351549.357574
      },
      {
        "date": "2023-11-06",
        "value": 36822333971.88969
      }
    ],
    "eps_trend": [
      {
        "date": "2025-07-28",
        "value": 3.5031247047835414
      },
      {
        "date": "2025-04-29",
        "value": 3.3279684695443645
      },
      {
        "date": "2025-01-29",
        "value": 3.161570046067146
      },
      {
        "date": "2024-10-31",
        "value": 3.0034915437637886
      },
      {
        "date": "2024-08-02",
        "value": 2.853316966575599
      },
      {
        "date": "2024-05-04",
        "value": 2.710651118246819
      },
      {
        "date": "2024-02-04",
        "value": 2.575118562334478
      },
      {
        "date": "2023-11-06",
        "value": 2.4463626342177536
      }
    ],
    "earnings_dates": [
      "2025-07-28",
      "2025-04-29",
      "2025-01-29",
      "2024-10-31",
      "2024-08-02",
      "2024-05-04",
      "2024-02-04",
      "2023-11-06"
    ]
  },
  "analysis": {
    "avg_revenue_growth": 8.13152235389785,
    "avg_earnings_surprise": 0.8185045328921665,
    "consistency_score": 78,
    "trend_direction": "growing"
  }
}