{
  "ticker": "TAP",
  "quarters": [
    {
      "date": "2025-07-28",
      "quarter": "Q3 2025",
      "revenue": 70062439.3986868,
      "earnings": 6527502.111857015,
      "eps_actual": 0.003857940087667465,
      "eps_estimate": 0.003674249174903245,
      "surprise_percent": 4.999413594998142,
      "price_on_date": 0.8933066456936428,
      "revenue_growth": 36.48729218290623,
      "earnings_growth": 31.29763177469048
    },
    {
      "date": "2025-04-29",
      "quarter": "Q2 2025",
      "revenue": 66559317.42875245,
      "earnings": 6201127.006264163,
      "eps_actual": 0.003665043083284091,
      "eps_estimate": 0.0035204730584696173,
      "surprise_percent": 4.106551091668342,
      "price_on_date": 0.8123852876074625,
      "revenue_growth": 41.42610673172549,
      "earnings_growth": 38.8088924863235
    },
    {
      "date": "2025-01-29",
      "quarter": "Q1 2025",
      "revenue": 63231351.55731483,
      "earnings": 5891070.655950955,
      "eps_actual": 0.0034817909291198867,
      "eps_estimate": 0.0033366957391153277,
      "surprise_percent": 4.348469304636949,
      "price_on_date": 0.7109406078294414,
      "revenue_growth": 34.80112607623624,
      "earnings_growth": 34.4357197491289
    },
    {
      "date": "2024-10-31",
      "quarter": "Q4 2024",
      "revenue": 60069783.979449086,
      "earnings": 5596517.123153407,
      "eps_actual": 0.0033077013826638925,
      "eps_estimate": 0.0032986827509565103,
      "surprise_percent": 0.2734010024082189,
      "price_on_date": 0.6742056605390804,
      "revenue_growth": 31.088732768695913,
      "earnings_growth": 26.858353002329956
    },
    {
      "date": "2024-08-02",
      "quarter": "Q3 2024",
      "revenue": 57066294.78047663,
      "earnings": 5316691.266995736,
      "eps_actual": 0.0031423163135306975,
      "eps_estimate": 0.0031121170096253454,
      "surprise_percent": 0.9703781641869466,
      "price_on_date": 0.7062762965710646,
      "revenue_growth": 29.800763749039817,
      "earnings_growth": 38.21051141675395
    },
    {
      "date": "2024-05-04",
      "quarter": "Q2 2024",
      "revenue": 54212980.04145279,
      "earnings": 5050856.703645948,
      "eps_actual": 0.002985200497854162,
      "eps_estimate": 0.0029422504294124774,
      "surprise_percent": 1.459769298096798,
      "price_on_date": 0.6733315018217695,
      "revenue_growth": 31.407134268460965,
      "earnings_growth": 35.11138862798663
    },
    {
      "date": "2024-02-04",
      "quarter": "Q1 2024",
      "revenue": 51502331.03938015,
      "earnings": 4798313.868463651,
      "eps_actual": 0.0028359404729614538,
      "eps_estimate": 0.002760592268608487,
      "surprise_percent": 2.7294216972847973,
      "price_on_date": 0.591418681184491,
      "revenue_growth": 38.38464920236049,
      "earnings_growth": 42.52864966619947
    },
    {
      "date": "2023-11-06",
      "quarter": "Q4 2023",
      "revenue": 48927214.48741114,
      "earnings": 4558398.175040469,
      "eps_actual": 0.002694143449313381,
      "eps_estimate": 0.0026867731878400473,
      "surprise_percent": 0.2743164740027426,
      "price_on_date": 0.5685609193759048,
      "revenue_growth": 30.123950225344217,
      "earnings_growth": 44.54655513623123
    }
  ],
  "metrics": {
    "revenue_trend": [
      {
        "date": "2025-07-28",
        "value": 70062439.3986868
      },
      {
        "date": "2025-04-29",
        "value": 66559317.42875245
      },
      {
        "date": "2025-01-29",
        "value": 63231351.55731483
      },
      {
        "date": "2024-10-31",
        "value": 60069783.979449086
      },
      {
        "date": "2024-08-02",
        "value": 57066294.78047663
      },
      {
        "date": "2024-05-04",
        "value": 54212980.04145279
      },
      {
        "date": "2024-02-04",
        "value": 51502331.03938015
      },
      {
        "date": "2023-11-06",
        "value": 48927214.48741114
      }
    ],
    "eps_trend": [
      {
        "date": "2025-07-28",
        "value": 0.003857940087667465
      },
      {
        "date": "2025-04-29",
        "value": 0.003665043083284091
      },
      {
        "date": "2025-01-29",
        "value": 0.0034817909291198867
      },
      {
        "date": "2024-10-31",
        "value": 0.0033077013826638925
      },
      {
        "date": "2024-08-02",
        "value": 0.0031423163135306975
      },
      {
        "date": "2024-05-04",
        "value": 0.002985200497854162
      },
      {
        "date": "2024-02-04",
        "value": 0.0028359404729614538
      },
      {
        "date": "2023-11-06",
        "value": 0.002694143449313381
      }
    ],
    "earnings_dates": [
      "2025-07-28",
      "2025-04-29",
      "2025-01-29",
      "2024-10-31",
      "2024-08-02",
      "2024-05-04",
      "2024-02-04",
      "2023-11-06"
    ]
  },
  "analysis": {
    "avg_revenue_growth": 35.95081443989097,
    "avg_earnings_surprise": 3.431958748427913,
    "consistency_score": 87,
    "trend_direction": "growing"
  }
}