{
  "ticker": "TDG",
  "quarters": [
    {
      "date": "2025-07-28",
      "quarter": "Q3 2025",
      "revenue": 52802853.74136808,
      "earnings": 1711008.5926945019,
      "eps_actual": 0.00919708648879676,
      "eps_estimate": 0.009193398339100947,
      "surprise_percent": 0.040117370745556845,
      "price_on_date": 9.984120440983324,
      "revenue_growth": 8.354873830326236,
      "earnings_growth": 12.121792886200241
    },
    {
      "date": "2025-04-29",
      "quarter": "Q2 2025",
      "revenue": 50162711.054299675,
      "earnings": 1625458.1630597769,
      "eps_actual": 0.008737232164356923,
      "eps_estimate": 0.008661642647018327,
      "surprise_percent": 0.8726926337075025,
      "price_on_date": 9.942687448367158,
      "revenue_growth": 8.459177139705229,
      "earnings_growth": 9.24009429052177
    },
    {
      "date": "2025-01-29",
      "quarter": "Q1 2025",
      "revenue": 47654575.50158469,
      "earnings": 1544185.2549067878,
      "eps_actual": 0.008300370556139075,
      "eps_estimate": 0.008435041021717977,
      "surprise_percent": -1.596559699379781,
      "price_on_date": 9.511398145162273,
      "revenue_growth": 9.84340449439482,
      "earnings_growth": 10.869781285907155
    },
    {
      "date": "2024-10-31",
      "quarter": "Q4 2024",
      "revenue": 45271846.72650545,
      "earnings": 1466975.9921614483,
      "eps_actual": 0.007885352028332121,
      "eps_estimate": 0.007935490775874784,
      "surprise_percent": -0.6318291956824305,
      "price_on_date": 9.101008365334083,
      "revenue_growth": 12.110006465134006,
      "earnings_growth": 8.622184498500115
    },
    {
      "date": "2024-08-02",
      "quarter": "Q3 2024",
      "revenue": 43008254.39018018,
      "earnings": 1393627.1925533758,
      "eps_actual": 0.0074910844269155145,
      "eps_estimate": 0.007390004874664925,
      "surprise_percent": 1.3677873555553313,
      "price_on_date": 7.957128846644749,
      "revenue_growth": 9.336793548778397,
      "earnings_growth": 10.197708779692777
    },
    {
      "date": "2024-05-04",
      "quarter": "Q2 2024",
      "revenue": 40857841.670671165,
      "earnings": 1323945.832925707,
      "eps_actual": 0.0071165302055697394,
      "eps_estimate": 0.007092508296803885,
      "surprise_percent": 0.3386941228772228,
      "price_on_date": 7.961967968611861,
      "revenue_growth": 11.95326823406251,
      "earnings_growth": 11.174419128501892
    },
    {
      "date": "2024-02-04",
      "quarter": "Q1 2024",
      "revenue": 38814949.5871376,
      "earnings": 1257748.5412794214,
      "eps_actual": 0.006760703695291251,
      "eps_estimate": 0.006832028516452015,
      "surprise_percent": -1.043977216854545,
      "price_on_date": 6.960617711122148,
      "revenue_growth": 10.567847868679227,
      "earnings_growth": 7.369863050938362
    },
    {
      "date": "2023-11-06",
      "quarter": "Q4 2023",
      "revenue": 36874202.10778072,
      "earnings": 1194861.1142154504,
      "eps_actual": 0.006422668510526688,
      "eps_estimate": 0.006519833703541205,
      "surprise_percent": -1.490301707568748,
      "price_on_date": 7.896065734910334,
      "revenue_growth": 12.191017415642765,
      "earnings_growth": 9.008195914444297
    }
  ],
  "metrics": {
    "revenue_trend": [
      {
        "date": "2025-07-28",
        "value": 52802853.74136808
      },
      {
        "date": "2025-04-29",
        "value": 50162711.054299675
      },
      {
        "date": "2025-01-29",
        "value": 47654575.50158469
      },
      {
        "date": "2024-10-31",
        "value": 45271846.72650545
      },
      {
        "date": "2024-08-02",
        "value": 43008254.39018018
      },
      {
        "date": "2024-05-04",
        "value": 40857841.670671165
      },
      {
        "date": "2024-02-04",
        "value": 38814949.5871376
      },
      {
        "date": "2023-11-06",
        "value": 36874202.10778072
      }
    ],
    "eps_trend": [
      {
        "date": "2025-07-28",
        "value": 0.00919708648879676
      },
      {
        "date": "2025-04-29",
        "value": 0.008737232164356923
      },
      {
        "date": "2025-01-29",
        "value": 0.008300370556139075
      },
      {
        "date": "2024-10-31",
        "value": 0.007885352028332121
      },
      {
        "date": "2024-08-02",
        "value": 0.0074910844269155145
      },
      {
        "date": "2024-05-04",
        "value": 0.0071165302055697394
      },
      {
        "date": "2024-02-04",
        "value": 0.006760703695291251
      },
      {
        "date": "2023-11-06",
        "value": 0.006422668510526688
      }
    ],
    "earnings_dates": [
      "2025-07-28",
      "2025-04-29",
      "2025-01-29",
      "2024-10-31",
      "2024-08-02",
      "2024-05-04",
      "2024-02-04",
      "2023-11-06"
    ]
  },
  "analysis": {
    "avg_revenue_growth": 9.691865482390073,
    "avg_earnings_surprise": -0.32889472265228803,
    "consistency_score": 62,
    "trend_direction": "growing"
  }
}