{
  "ticker": "TDOC",
  "quarters": [
    {
      "date": "2025-07-28",
      "quarter": "Q3 2025",
      "revenue": 1836576514.3936715,
      "earnings": 238108433.27069697,
      "eps_actual": 0.11165079748358048,
      "eps_estimate": 0.11274844299452991,
      "surprise_percent": -0.9735349613676555,
      "price_on_date": 9.722748812496297,
      "revenue_growth": 23.2885989913781,
      "earnings_growth": 31.224302801233705
    },
    {
      "date": "2025-04-29",
      "quarter": "Q2 2025",
      "revenue": 1744747688.6739879,
      "earnings": 226203011.60716212,
      "eps_actual": 0.10606825760940145,
      "eps_estimate": 0.10703591596783117,
      "surprise_percent": -0.9040501495970277,
      "price_on_date": 9.657132093273711,
      "revenue_growth": 22.275493937655426,
      "earnings_growth": 19.26129266384869
    },
    {
      "date": "2025-01-29",
      "quarter": "Q1 2025",
      "revenue": 1657510304.2402885,
      "earnings": 214892861.026804,
      "eps_actual": 0.10076484472893137,
      "eps_estimate": 0.1012498413653599,
      "surprise_percent": -0.47900977412737533,
      "price_on_date": 8.236333940585691,
      "revenue_growth": 29.40567793525374,
      "earnings_growth": 23.76436916870872
    },
    {
      "date": "2024-10-31",
      "quarter": "Q4 2024",
      "revenue": 1574634789.0282738,
      "earnings": 204148217.97546378,
      "eps_actual": 0.0957266024924848,
      "eps_estimate": 0.09178755738039729,
      "surprise_percent": 4.291480484400334,
      "price_on_date": 7.757466804453011,
      "revenue_growth": 25.762947441179715,
      "earnings_growth": 21.087136365930114
    },
    {
      "date": "2024-08-02",
      "quarter": "Q3 2024",
      "revenue": 1495903049.5768602,
      "earnings": 193940807.07669058,
      "eps_actual": 0.09094027236786055,
      "eps_estimate": 0.08887222019021025,
      "surprise_percent": 2.3269950646266233,
      "price_on_date": 7.3427909789104175,
      "revenue_growth": 25.489588111666954,
      "earnings_growth": 23.259758504401947
    },
    {
      "date": "2024-05-04",
      "quarter": "Q2 2024",
      "revenue": 1421107897.098017,
      "earnings": 184243766.72285604,
      "eps_actual": 0.08639325874946752,
      "eps_estimate": 0.08804451831695266,
      "surprise_percent": -1.8754825388910101,
      "price_on_date": 7.678541867229024,
      "revenue_growth": 23.229515260499884,
      "earnings_growth": 23.980897079125583
    },
    {
      "date": "2024-02-04",
      "quarter": "Q1 2024",
      "revenue": 1350052502.2431161,
      "earnings": 175031578.38671324,
      "eps_actual": 0.08207359581199414,
      "eps_estimate": 0.07875303047864478,
      "surprise_percent": 4.216428641752126,
      "price_on_date": 6.699819777556815,
      "revenue_growth": 29.887818415655687,
      "earnings_growth": 29.219713207706278
    },
    {
      "date": "2023-11-06",
      "quarter": "Q4 2023",
      "revenue": 1282549877.1309602,
      "earnings": 166279999.46737757,
      "eps_actual": 0.07796991602139443,
      "eps_estimate": 0.07835145069645469,
      "surprise_percent": -0.4869529174876203,
      "price_on_date": 7.268025361620396,
      "revenue_growth": 22.96597607564143,
      "earnings_growth": 31.80314844343607
    }
  ],
  "metrics": {
    "revenue_trend": [
      {
        "date": "2025-07-28",
        "value": 1836576514.3936715
      },
      {
        "date": "2025-04-29",
        "value": 1744747688.6739879
      },
      {
        "date": "2025-01-29",
        "value": 1657510304.2402885
      },
      {
        "date": "2024-10-31",
        "value": 1574634789.0282738
      },
      {
        "date": "2024-08-02",
        "value": 1495903049.5768602
      },
      {
        "date": "2024-05-04",
        "value": 1421107897.098017
      },
      {
        "date": "2024-02-04",
        "value": 1350052502.2431161
      },
      {
        "date": "2023-11-06",
        "value": 1282549877.1309602
      }
    ],
    "eps_trend": [
      {
        "date": "2025-07-28",
        "value": 0.11165079748358048
      },
      {
        "date": "2025-04-29",
        "value": 0.10606825760940145
      },
      {
        "date": "2025-01-29",
        "value": 0.10076484472893137
      },
      {
        "date": "2024-10-31",
        "value": 0.0957266024924848
      },
      {
        "date": "2024-08-02",
        "value": 0.09094027236786055
      },
      {
        "date": "2024-05-04",
        "value": 0.08639325874946752
      },
      {
        "date": "2024-02-04",
        "value": 0.08207359581199414
      },
      {
        "date": "2023-11-06",
        "value": 0.07796991602139443
      }
    ],
    "earnings_dates": [
      "2025-07-28",
      "2025-04-29",
      "2025-01-29",
      "2024-10-31",
      "2024-08-02",
      "2024-05-04",
      "2024-02-04",
      "2023-11-06"
    ]
  },
  "analysis": {
    "avg_revenue_growth": 25.183179576366747,
    "avg_earnings_surprise": 0.48372139982706885,
    "consistency_score": 74,
    "trend_direction": "growing"
  }
}