{
  "ticker": "TDY",
  "quarters": [
    {
      "date": "2025-07-28",
      "quarter": "Q3 2025",
      "revenue": 27229803.761936452,
      "earnings": 486225.8408976076,
      "eps_actual": 0.00011420203515210672,
      "eps_estimate": 0.00011142054616156914,
      "surprise_percent": 2.496387862346492,
      "price_on_date": 0.23718373315359237,
      "revenue_growth": 37.5984412747748,
      "earnings_growth": 52.66010501577423
    },
    {
      "date": "2025-04-29",
      "quarter": "Q2 2025",
      "revenue": 25868313.573839627,
      "earnings": 461914.54885272717,
      "eps_actual": 0.00010849193339450137,
      "eps_estimate": 0.00010955532929869713,
      "surprise_percent": -0.9706473532624503,
      "price_on_date": 0.23125288744526698,
      "revenue_growth": 42.1442310151102,
      "earnings_growth": 41.86898224990915
    },
    {
      "date": "2025-01-29",
      "quarter": "Q1 2025",
      "revenue": 24574897.895147648,
      "earnings": 438818.82141009084,
      "eps_actual": 0.00010306733672477631,
      "eps_estimate": 9.999361524932751e-05,
      "surprise_percent": 3.0739177374322164,
      "price_on_date": 0.24251615850345098,
      "revenue_growth": 38.520328936978004,
      "earnings_growth": 31.015732894672343
    },
    {
      "date": "2024-10-31",
      "quarter": "Q4 2024",
      "revenue": 23346153.00039026,
      "earnings": 416877.88033958623,
      "eps_actual": 9.791396988853748e-05,
      "eps_estimate": 9.845544469907098e-05,
      "surprise_percent": -0.5499693919300375,
      "price_on_date": 0.21938535369358636,
      "revenue_growth": 41.825757987395974,
      "earnings_growth": 38.11283851549841
    },
    {
      "date": "2024-08-02",
      "quarter": "Q3 2024",
      "revenue": 22178845.35037075,
      "earnings": 396033.986322607,
      "eps_actual": 9.301827139411062e-05,
      "eps_estimate": 8.91060158515567e-05,
      "surprise_percent": 4.390562752880131,
      "price_on_date": 0.20776953781279778,
      "revenue_growth": 42.793631159108294,
      "earnings_growth": 33.85145593991677
    },
    {
      "date": "2024-05-04",
      "quarter": "Q2 2024",
      "revenue": 21069903.082852207,
      "earnings": 376232.28700647654,
      "eps_actual": 8.836735782440506e-05,
      "eps_estimate": 8.603598068526612e-05,
      "surprise_percent": 2.7097699364496215,
      "price_on_date": 0.19373553475087288,
      "revenue_growth": 40.85915535495562,
      "earnings_growth": 51.1839082125839
    },
    {
      "date": "2024-02-04",
      "quarter": "Q1 2024",
      "revenue": 20016407.9287096,
      "earnings": 357420.67265615275,
      "eps_actual": 8.394898993318483e-05,
      "eps_estimate": 8.360418238185617e-05,
      "surprise_percent": 0.4124285908972537,
      "price_on_date": 0.18831791587721494,
      "revenue_growth": 41.53935052763716,
      "earnings_growth": 33.44292731267102
    },
    {
      "date": "2023-11-06",
      "quarter": "Q4 2023",
      "revenue": 19015587.532274116,
      "earnings": 339549.639023345,
      "eps_actual": 7.975154043652556e-05,
      "eps_estimate": 8.094307906687552e-05,
      "surprise_percent": -1.4720698101508005,
      "price_on_date": 0.16727246013964397,
      "revenue_growth": 43.72893640223099,
      "earnings_growth": 46.18290462609177
    }
  ],
  "metrics": {
    "revenue_trend": [
      {
        "date": "2025-07-28",
        "value": 27229803.761936452
      },
      {
        "date": "2025-04-29",
        "value": 25868313.573839627
      },
      {
        "date": "2025-01-29",
        "value": 24574897.895147648
      },
      {
        "date": "2024-10-31",
        "value": 23346153.00039026
      },
      {
        "date": "2024-08-02",
        "value": 22178845.35037075
      },
      {
        "date": "2024-05-04",
        "value": 21069903.082852207
      },
      {
        "date": "2024-02-04",
        "value": 20016407.9287096
      },
      {
        "date": "2023-11-06",
        "value": 19015587.532274116
      }
    ],
    "eps_trend": [
      {
        "date": "2025-07-28",
        "value": 0.00011420203515210672
      },
      {
        "date": "2025-04-29",
        "value": 0.00010849193339450137
      },
      {
        "date": "2025-01-29",
        "value": 0.00010306733672477631
      },
      {
        "date": "2024-10-31",
        "value": 9.791396988853748e-05
      },
      {
        "date": "2024-08-02",
        "value": 9.301827139411062e-05
      },
      {
        "date": "2024-05-04",
        "value": 8.836735782440506e-05
      },
      {
        "date": "2024-02-04",
        "value": 8.394898993318483e-05
      },
      {
        "date": "2023-11-06",
        "value": 7.975154043652556e-05
      }
    ],
    "earnings_dates": [
      "2025-07-28",
      "2025-04-29",
      "2025-01-29",
      "2024-10-31",
      "2024-08-02",
      "2024-05-04",
      "2024-02-04",
      "2023-11-06"
    ]
  },
  "analysis": {
    "avg_revenue_growth": 40.02218980356474,
    "avg_earnings_surprise": 1.012422213646555,
    "consistency_score": 71,
    "trend_direction": "growing"
  }
}