{
  "ticker": "TECH",
  "quarters": [
    {
      "date": "2025-07-28",
      "quarter": "Q3 2025",
      "revenue": 47410270.17156132,
      "earnings": 3644379.931165988,
      "eps_actual": 0.0019038251081388861,
      "eps_estimate": 0.0019415603758867453,
      "surprise_percent": -1.9435536600619376,
      "price_on_date": 0.9138012208767097,
      "revenue_growth": 13.97006501158667,
      "earnings_growth": 11.18286432693732
    },
    {
      "date": "2025-04-29",
      "quarter": "Q2 2025",
      "revenue": 45039756.66298325,
      "earnings": 3462160.9346076883,
      "eps_actual": 0.0018086338527319415,
      "eps_estimate": 0.0017183180350962969,
      "surprise_percent": 5.256059459946435,
      "price_on_date": 0.9625821141258565,
      "revenue_growth": 12.820865846729511,
      "earnings_growth": 13.46770258385925
    },
    {
      "date": "2025-01-29",
      "quarter": "Q1 2025",
      "revenue": 42787768.829834096,
      "earnings": 3289052.887877304,
      "eps_actual": 0.0017182021600953446,
      "eps_estimate": 0.0017339200288341915,
      "surprise_percent": -0.9064932913552444,
      "price_on_date": 0.8703817028693249,
      "revenue_growth": 12.632084374452704,
      "earnings_growth": 9.231756897861588
    },
    {
      "date": "2024-10-31",
      "quarter": "Q4 2024",
      "revenue": 40648380.38834238,
      "earnings": 3124600.243483438,
      "eps_actual": 0.001632292052090577,
      "eps_estimate": 0.0016630310547797195,
      "surprise_percent": -1.848372139581858,
      "price_on_date": 0.789472671374811,
      "revenue_growth": 10.713568522543232,
      "earnings_growth": 13.29630255993067
    },
    {
      "date": "2024-08-02",
      "quarter": "Q3 2024",
      "revenue": 38615961.368925266,
      "earnings": 2968370.2313092668,
      "eps_actual": 0.0015506774494860483,
      "eps_estimate": 0.0014868699444056466,
      "surprise_percent": 4.291397867074902,
      "price_on_date": 0.7521005227780243,
      "revenue_growth": 14.100837874629716,
      "earnings_growth": 10.795528706265038
    },
    {
      "date": "2024-05-04",
      "quarter": "Q2 2024",
      "revenue": 36685163.300478995,
      "earnings": 2819951.7197438027,
      "eps_actual": 0.0014731435770117456,
      "eps_estimate": 0.001423736603118813,
      "surprise_percent": 3.470232751247841,
      "price_on_date": 0.7094191941895674,
      "revenue_growth": 13.471705864428547,
      "earnings_growth": 15.161645624154023
    },
    {
      "date": "2024-02-04",
      "quarter": "Q1 2024",
      "revenue": 34850905.13545505,
      "earnings": 2678954.133756613,
      "eps_actual": 0.0013994863981611585,
      "eps_estimate": 0.0013523036656146253,
      "surprise_percent": 3.48906342164565,
      "price_on_date": 0.7073139338053458,
      "revenue_growth": 11.37214708937507,
      "earnings_growth": 13.006198278962113
    },
    {
      "date": "2023-11-06",
      "quarter": "Q4 2023",
      "revenue": 33108359.87868229,
      "earnings": 2545006.4270687816,
      "eps_actual": 0.0013295120782531,
      "eps_estimate": 0.0013209701815616482,
      "surprise_percent": 0.6466381157335218,
      "price_on_date": 0.7144380649268508,
      "revenue_growth": 12.440300661768005,
      "earnings_growth": 8.906684405907079
    }
  ],
  "metrics": {
    "revenue_trend": [
      {
        "date": "2025-07-28",
        "value": 47410270.17156132
      },
      {
        "date": "2025-04-29",
        "value": 45039756.66298325
      },
      {
        "date": "2025-01-29",
        "value": 42787768.829834096
      },
      {
        "date": "2024-10-31",
        "value": 40648380.38834238
      },
      {
        "date": "2024-08-02",
        "value": 38615961.368925266
      },
      {
        "date": "2024-05-04",
        "value": 36685163.300478995
      },
      {
        "date": "2024-02-04",
        "value": 34850905.13545505
      },
      {
        "date": "2023-11-06",
        "value": 33108359.87868229
      }
    ],
    "eps_trend": [
      {
        "date": "2025-07-28",
        "value": 0.0019038251081388861
      },
      {
        "date": "2025-04-29",
        "value": 0.0018086338527319415
      },
      {
        "date": "2025-01-29",
        "value": 0.0017182021600953446
      },
      {
        "date": "2024-10-31",
        "value": 0.001632292052090577
      },
      {
        "date": "2024-08-02",
        "value": 0.0015506774494860483
      },
      {
        "date": "2024-05-04",
        "value": 0.0014731435770117456
      },
      {
        "date": "2024-02-04",
        "value": 0.0013994863981611585
      },
      {
        "date": "2023-11-06",
        "value": 0.0013295120782531
      }
    ],
    "earnings_dates": [
      "2025-07-28",
      "2025-04-29",
      "2025-01-29",
      "2024-10-31",
      "2024-08-02",
      "2024-05-04",
      "2024-02-04",
      "2023-11-06"
    ]
  },
  "analysis": {
    "avg_revenue_growth": 12.53414593882803,
    "avg_earnings_surprise": 0.13941009223684875,
    "consistency_score": 71,
    "trend_direction": "growing"
  }
}