{
  "ticker": "TEL",
  "quarters": [
    {
      "date": "2025-07-28",
      "quarter": "Q3 2025",
      "revenue": 40707065.7970584,
      "earnings": 5951301.309492613,
      "eps_actual": 0.008110988522737738,
      "eps_estimate": 0.007919886972029014,
      "surprise_percent": 2.412932803001423,
      "price_on_date": 1.5535118915728374,
      "revenue_growth": -9.541251178998303,
      "earnings_growth": -10.511230390688239
    },
    {
      "date": "2025-04-29",
      "quarter": "Q2 2025",
      "revenue": 38671712.50720548,
      "earnings": 5653736.244017982,
      "eps_actual": 0.007705439096600851,
      "eps_estimate": 0.0075131177242707785,
      "surprise_percent": 2.559807784041336,
      "price_on_date": 1.5229958883089993,
      "revenue_growth": -11.011495948441933,
      "earnings_growth": -10.67561412823156
    },
    {
      "date": "2025-01-29",
      "quarter": "Q1 2025",
      "revenue": 36738126.881845206,
      "earnings": 5371049.431817083,
      "eps_actual": 0.0073201671417708085,
      "eps_estimate": 0.007157826599424354,
      "surprise_percent": 2.268014460695518,
      "price_on_date": 1.424302081169261,
      "revenue_growth": -13.422132409045071,
      "earnings_growth": -14.937681417777316
    },
    {
      "date": "2024-10-31",
      "quarter": "Q4 2024",
      "revenue": 34901220.53775294,
      "earnings": 5102496.960226228,
      "eps_actual": 0.006954158784682267,
      "eps_estimate": 0.00697404409426885,
      "surprise_percent": -0.28513312100971955,
      "price_on_date": 1.2217111939685341,
      "revenue_growth": -9.904099880694927,
      "earnings_growth": -13.630091895004103
    },
    {
      "date": "2024-08-02",
      "quarter": "Q3 2024",
      "revenue": 33156159.510865297,
      "earnings": 4847372.112214917,
      "eps_actual": 0.006606450845448155,
      "eps_estimate": 0.0065337952317731885,
      "surprise_percent": 1.1119971027198619,
      "price_on_date": 1.1381344725810956,
      "revenue_growth": -13.903765392396062,
      "earnings_growth": -10.318330608386217
    },
    {
      "date": "2024-05-04",
      "quarter": "Q2 2024",
      "revenue": 31498351.535322025,
      "earnings": 4605003.50660417,
      "eps_actual": 0.0062761283031757455,
      "eps_estimate": 0.006307510175734835,
      "surprise_percent": -0.49753185781319237,
      "price_on_date": 1.202883871027158,
      "revenue_growth": -13.830236580466257,
      "earnings_growth": -10.072447560923468
    },
    {
      "date": "2024-02-04",
      "quarter": "Q1 2024",
      "revenue": 29923433.958555926,
      "earnings": 4374753.331273962,
      "eps_actual": 0.005962321888016958,
      "eps_estimate": 0.005731781776194977,
      "surprise_percent": 4.022136934442472,
      "price_on_date": 1.1204719949743251,
      "revenue_growth": -13.30160877692981,
      "earnings_growth": -9.780268477759167
    },
    {
      "date": "2023-11-06",
      "quarter": "Q4 2023",
      "revenue": 28427262.260628127,
      "earnings": 4156015.6647102633,
      "eps_actual": 0.00566420579361611,
      "eps_estimate": 0.005686496556064909,
      "surprise_percent": -0.3919946531054302,
      "price_on_date": 0.9898830584296963,
      "revenue_growth": -13.062139004080727,
      "earnings_growth": -12.803031373788352
    }
  ],
  "metrics": {
    "revenue_trend": [
      {
        "date": "2025-07-28",
        "value": 40707065.7970584
      },
      {
        "date": "2025-04-29",
        "value": 38671712.50720548
      },
      {
        "date": "2025-01-29",
        "value": 36738126.881845206
      },
      {
        "date": "2024-10-31",
        "value": 34901220.53775294
      },
      {
        "date": "2024-08-02",
        "value": 33156159.510865297
      },
      {
        "date": "2024-05-04",
        "value": 31498351.535322025
      },
      {
        "date": "2024-02-04",
        "value": 29923433.958555926
      },
      {
        "date": "2023-11-06",
        "value": 28427262.260628127
      }
    ],
    "eps_trend": [
      {
        "date": "2025-07-28",
        "value": 0.008110988522737738
      },
      {
        "date": "2025-04-29",
        "value": 0.007705439096600851
      },
      {
        "date": "2025-01-29",
        "value": 0.0073201671417708085
      },
      {
        "date": "2024-10-31",
        "value": 0.006954158784682267
      },
      {
        "date": "2024-08-02",
        "value": 0.006606450845448155
      },
      {
        "date": "2024-05-04",
        "value": 0.0062761283031757455
      },
      {
        "date": "2024-02-04",
        "value": 0.005962321888016958
      },
      {
        "date": "2023-11-06",
        "value": 0.00566420579361611
      }
    ],
    "earnings_dates": [
      "2025-07-28",
      "2025-04-29",
      "2025-01-29",
      "2024-10-31",
      "2024-08-02",
      "2024-05-04",
      "2024-02-04",
      "2023-11-06"
    ]
  },
  "analysis": {
    "avg_revenue_growth": -10.969744854295058,
    "avg_earnings_surprise": 1.7389054816821394,
    "consistency_score": 78,
    "trend_direction": "declining"
  }
}