{
  "ticker": "TER",
  "quarters": [
    {
      "date": "2025-07-28",
      "quarter": "Q3 2025",
      "revenue": 13622482.19067176,
      "earnings": 1944328.2545412304,
      "eps_actual": 0.0008007792492129628,
      "eps_estimate": 0.0007981191405001833,
      "surprise_percent": 0.333297195593177,
      "price_on_date": 0.30827535997692973,
      "revenue_growth": 4.338898256571289,
      "earnings_growth": 4.925675401526028
    },
    {
      "date": "2025-04-29",
      "quarter": "Q2 2025",
      "revenue": 12941358.081138171,
      "earnings": 1847111.8418141687,
      "eps_actual": 0.0007607402867523146,
      "eps_estimate": 0.0007615366317861217,
      "surprise_percent": -0.10457081124769847,
      "price_on_date": 0.2693226130204797,
      "revenue_growth": 4.357143725585038,
      "earnings_growth": 3.641389894610998
    },
    {
      "date": "2025-01-29",
      "quarter": "Q1 2025",
      "revenue": 12294290.177081263,
      "earnings": 1754756.2497234603,
      "eps_actual": 0.0007227032724146989,
      "eps_estimate": 0.0006878707494009649,
      "surprise_percent": 5.063818027451811,
      "price_on_date": 0.2670252155321454,
      "revenue_growth": 4.072010238636046,
      "earnings_growth": 3.4937223337298677
    },
    {
      "date": "2024-10-31",
      "quarter": "Q4 2024",
      "revenue": 11679575.6682272,
      "earnings": 1667018.4372372874,
      "eps_actual": 0.000686568108793964,
      "eps_estimate": 0.0006893105718451335,
      "surprise_percent": -0.39785593942488157,
      "price_on_date": 0.2512478269218621,
      "revenue_growth": 4.839880636096397,
      "earnings_growth": 3.663380834311287
    },
    {
      "date": "2024-08-02",
      "quarter": "Q3 2024",
      "revenue": 11095596.884815838,
      "earnings": 1583667.5153754228,
      "eps_actual": 0.0006522397033542657,
      "eps_estimate": 0.0006520300434395307,
      "surprise_percent": 0.032154946975909864,
      "price_on_date": 0.2660950183371834,
      "revenue_growth": 3.6824552463885643,
      "earnings_growth": 3.4034222631225592
    },
    {
      "date": "2024-05-04",
      "quarter": "Q2 2024",
      "revenue": 10540817.040575046,
      "earnings": 1504484.1396066516,
      "eps_actual": 0.0006196277181865524,
      "eps_estimate": 0.0006034870875395054,
      "surprise_percent": 2.6745610602630263,
      "price_on_date": 0.2114456832399929,
      "revenue_growth": 3.760954258780161,
      "earnings_growth": 4.843406374884403
    },
    {
      "date": "2024-02-04",
      "quarter": "Q1 2024",
      "revenue": 10013776.188546294,
      "earnings": 1429259.9326263191,
      "eps_actual": 0.0005886463322772248,
      "eps_estimate": 0.0005962020911038414,
      "surprise_percent": -1.267315049604645,
      "price_on_date": 0.21289874276299225,
      "revenue_growth": 4.892008963616482,
      "earnings_growth": 4.739312913477147
    },
    {
      "date": "2023-11-06",
      "quarter": "Q4 2023",
      "revenue": 9513087.379118977,
      "earnings": 1357796.9359950027,
      "eps_actual": 0.0005592140156633633,
      "eps_estimate": 0.0005539224574958776,
      "surprise_percent": 0.9552886141152832,
      "price_on_date": 0.18933959941924858,
      "revenue_growth": 4.238996725920224,
      "earnings_growth": 3.1334163611106867
    }
  ],
  "metrics": {
    "revenue_trend": [
      {
        "date": "2025-07-28",
        "value": 13622482.19067176
      },
      {
        "date": "2025-04-29",
        "value": 12941358.081138171
      },
      {
        "date": "2025-01-29",
        "value": 12294290.177081263
      },
      {
        "date": "2024-10-31",
        "value": 11679575.6682272
      },
      {
        "date": "2024-08-02",
        "value": 11095596.884815838
      },
      {
        "date": "2024-05-04",
        "value": 10540817.040575046
      },
      {
        "date": "2024-02-04",
        "value": 10013776.188546294
      },
      {
        "date": "2023-11-06",
        "value": 9513087.379118977
      }
    ],
    "eps_trend": [
      {
        "date": "2025-07-28",
        "value": 0.0008007792492129628
      },
      {
        "date": "2025-04-29",
        "value": 0.0007607402867523146
      },
      {
        "date": "2025-01-29",
        "value": 0.0007227032724146989
      },
      {
        "date": "2024-10-31",
        "value": 0.000686568108793964
      },
      {
        "date": "2024-08-02",
        "value": 0.0006522397033542657
      },
      {
        "date": "2024-05-04",
        "value": 0.0006196277181865524
      },
      {
        "date": "2024-02-04",
        "value": 0.0005886463322772248
      },
      {
        "date": "2023-11-06",
        "value": 0.0005592140156633633
      }
    ],
    "earnings_dates": [
      "2025-07-28",
      "2025-04-29",
      "2025-01-29",
      "2024-10-31",
      "2024-08-02",
      "2024-05-04",
      "2024-02-04",
      "2023-11-06"
    ]
  },
  "analysis": {
    "avg_revenue_growth": 4.401983214222192,
    "avg_earnings_surprise": 1.2236721180931018,
    "consistency_score": 92,
    "trend_direction": "stable"
  }
}