{
  "ticker": "TFC",
  "quarters": [
    {
      "date": "2025-07-28",
      "quarter": "Q3 2025",
      "revenue": 695734537.4254906,
      "earnings": 25847395.011187878,
      "eps_actual": 0.015862039955476255,
      "eps_estimate": 0.01614389992551798,
      "surprise_percent": -1.7459224310242545,
      "price_on_date": 38.44061557638871,
      "revenue_growth": 36.76274520127445,
      "earnings_growth": 33.20646697565754
    },
    {
      "date": "2025-04-29",
      "quarter": "Q2 2025",
      "revenue": 660947810.554216,
      "earnings": 24555025.26062848,
      "eps_actual": 0.01506893795770244,
      "eps_estimate": 0.014630942391676841,
      "surprise_percent": 2.99362511518576,
      "price_on_date": 30.648560646565272,
      "revenue_growth": 46.04460570874857,
      "earnings_growth": 48.44352028323733
    },
    {
      "date": "2025-01-29",
      "quarter": "Q1 2025",
      "revenue": 627900420.0265052,
      "earnings": 23327273.997597057,
      "eps_actual": 0.014315491059817317,
      "eps_estimate": 0.014059078948950839,
      "surprise_percent": 1.823818699628351,
      "price_on_date": 32.66488779821008,
      "revenue_growth": 39.325601312451575,
      "earnings_growth": 51.9361942847463
    },
    {
      "date": "2024-10-31",
      "quarter": "Q4 2024",
      "revenue": 596505399.02518,
      "earnings": 22160910.297717206,
      "eps_actual": 0.013599716506826452,
      "eps_estimate": 0.0133006369992549,
      "surprise_percent": 2.2486104055640785,
      "price_on_date": 29.651350965155448,
      "revenue_growth": 38.88945168251008,
      "earnings_growth": 35.476712970931594
    },
    {
      "date": "2024-08-02",
      "quarter": "Q3 2024",
      "revenue": 566680129.073921,
      "earnings": 21052864.782831345,
      "eps_actual": 0.01291973068148513,
      "eps_estimate": 0.0126384429773282,
      "surprise_percent": 2.2256515669020627,
      "price_on_date": 29.845471941183543,
      "revenue_growth": 43.70450937114143,
      "earnings_growth": 48.87745856467319
    },
    {
      "date": "2024-05-04",
      "quarter": "Q2 2024",
      "revenue": 538346122.6202248,
      "earnings": 20000221.543689772,
      "eps_actual": 0.01227374414741087,
      "eps_estimate": 0.012195798203186947,
      "surprise_percent": 0.6391213016590743,
      "price_on_date": 26.19746257149998,
      "revenue_growth": 37.101808199082654,
      "earnings_growth": 52.580196076198966
    },
    {
      "date": "2024-02-04",
      "quarter": "Q1 2024",
      "revenue": 511428816.4892136,
      "earnings": 19000210.466505285,
      "eps_actual": 0.011660056940040327,
      "eps_estimate": 0.011788954428188583,
      "surprise_percent": -1.0933750650528313,
      "price_on_date": 25.97405537779883,
      "revenue_growth": 47.017731259127004,
      "earnings_growth": 32.352594234938486
    },
    {
      "date": "2023-11-06",
      "quarter": "Q4 2023",
      "revenue": 485857375.66475284,
      "earnings": 18050199.943180017,
      "eps_actual": 0.011077054093038309,
      "eps_estimate": 0.010661414899053954,
      "surprise_percent": 3.898536900775124,
      "price_on_date": 24.688776729126907,
      "revenue_growth": 41.875440917603385,
      "earnings_growth": 36.13547218740676
    }
  ],
  "metrics": {
    "revenue_trend": [
      {
        "date": "2025-07-28",
        "value": 695734537.4254906
      },
      {
        "date": "2025-04-29",
        "value": 660947810.554216
      },
      {
        "date": "2025-01-29",
        "value": 627900420.0265052
      },
      {
        "date": "2024-10-31",
        "value": 596505399.02518
      },
      {
        "date": "2024-08-02",
        "value": 566680129.073921
      },
      {
        "date": "2024-05-04",
        "value": 538346122.6202248
      },
      {
        "date": "2024-02-04",
        "value": 511428816.4892136
      },
      {
        "date": "2023-11-06",
        "value": 485857375.66475284
      }
    ],
    "eps_trend": [
      {
        "date": "2025-07-28",
        "value": 0.015862039955476255
      },
      {
        "date": "2025-04-29",
        "value": 0.01506893795770244
      },
      {
        "date": "2025-01-29",
        "value": 0.014315491059817317
      },
      {
        "date": "2024-10-31",
        "value": 0.013599716506826452
      },
      {
        "date": "2024-08-02",
        "value": 0.01291973068148513
      },
      {
        "date": "2024-05-04",
        "value": 0.01227374414741087
      },
      {
        "date": "2024-02-04",
        "value": 0.011660056940040327
      },
      {
        "date": "2023-11-06",
        "value": 0.011077054093038309
      }
    ],
    "earnings_dates": [
      "2025-07-28",
      "2025-04-29",
      "2025-01-29",
      "2024-10-31",
      "2024-08-02",
      "2024-05-04",
      "2024-02-04",
      "2023-11-06"
    ]
  },
  "analysis": {
    "avg_revenue_growth": 40.255600976246164,
    "avg_earnings_surprise": 1.3300329473384838,
    "consistency_score": 70,
    "trend_direction": "growing"
  }
}