{
  "ticker": "TGT",
  "quarters": [
    {
      "date": "2025-07-28",
      "quarter": "Q3 2025",
      "revenue": 581336080.5602803,
      "earnings": 22731771.96102494,
      "eps_actual": 0.007460155259705013,
      "eps_estimate": 0.0071092721020150065,
      "surprise_percent": 4.9355707962078785,
      "price_on_date": 16.993852875835028,
      "revenue_growth": 29.852502746473043,
      "earnings_growth": 31.925130729759903
    },
    {
      "date": "2025-04-29",
      "quarter": "Q2 2025",
      "revenue": 552269276.5322663,
      "earnings": 21595183.36297369,
      "eps_actual": 0.007087147496719761,
      "eps_estimate": 0.006754030009595971,
      "surprise_percent": 4.932129212492458,
      "price_on_date": 15.538203125403436,
      "revenue_growth": 37.03918742212697,
      "earnings_growth": 30.073939395792273
    },
    {
      "date": "2025-01-29",
      "quarter": "Q1 2025",
      "revenue": 524655812.70565295,
      "earnings": 20515424.194825005,
      "eps_actual": 0.006732790121883773,
      "eps_estimate": 0.006816627493810661,
      "surprise_percent": -1.2298951644784868,
      "price_on_date": 14.691291955763617,
      "revenue_growth": 29.156391559156823,
      "earnings_growth": 37.22577096060001
    },
    {
      "date": "2024-10-31",
      "quarter": "Q4 2024",
      "revenue": 498423022.07037026,
      "earnings": 19489652.985083755,
      "eps_actual": 0.006396150615789584,
      "eps_estimate": 0.006334252778359796,
      "surprise_percent": 0.9771924107805464,
      "price_on_date": 14.649796270733773,
      "revenue_growth": 32.15337987360382,
      "earnings_growth": 22.04888738550307
    },
    {
      "date": "2024-08-02",
      "quarter": "Q3 2024",
      "revenue": 473501870.9668518,
      "earnings": 18515170.335829567,
      "eps_actual": 0.006076343085000105,
      "eps_estimate": 0.006002277751181996,
      "surprise_percent": 1.2339537903510576,
      "price_on_date": 13.90139699509373,
      "revenue_growth": 32.977247266029174,
      "earnings_growth": 37.65967883982462
    },
    {
      "date": "2024-05-04",
      "quarter": "Q2 2024",
      "revenue": 449826777.4185091,
      "earnings": 17589411.819038086,
      "eps_actual": 0.005772525930750099,
      "eps_estimate": 0.005604955184701304,
      "surprise_percent": 2.9896893110970604,
      "price_on_date": 12.372293264025748,
      "revenue_growth": 25.93432845957071,
      "earnings_growth": 38.600130207728554
    },
    {
      "date": "2024-02-04",
      "quarter": "Q1 2024",
      "revenue": 427335438.54758364,
      "earnings": 16709941.228086181,
      "eps_actual": 0.0054838996342125934,
      "eps_estimate": 0.005284889173851481,
      "surprise_percent": 3.765650590097031,
      "price_on_date": 12.603655493012011,
      "revenue_growth": 29.77243589399323,
      "earnings_growth": 32.1958292482055
    },
    {
      "date": "2023-11-06",
      "quarter": "Q4 2023",
      "revenue": 405968666.62020445,
      "earnings": 15874444.166681873,
      "eps_actual": 0.005209704652501965,
      "eps_estimate": 0.005309196605007755,
      "surprise_percent": -1.873954948512313,
      "price_on_date": 12.374758955527549,
      "revenue_growth": 36.41941590883053,
      "earnings_growth": 31.52762557396231
    }
  ],
  "metrics": {
    "revenue_trend": [
      {
        "date": "2025-07-28",
        "value": 581336080.5602803
      },
      {
        "date": "2025-04-29",
        "value": 552269276.5322663
      },
      {
        "date": "2025-01-29",
        "value": 524655812.70565295
      },
      {
        "date": "2024-10-31",
        "value": 498423022.07037026
      },
      {
        "date": "2024-08-02",
        "value": 473501870.9668518
      },
      {
        "date": "2024-05-04",
        "value": 449826777.4185091
      },
      {
        "date": "2024-02-04",
        "value": 427335438.54758364
      },
      {
        "date": "2023-11-06",
        "value": 405968666.62020445
      }
    ],
    "eps_trend": [
      {
        "date": "2025-07-28",
        "value": 0.007460155259705013
      },
      {
        "date": "2025-04-29",
        "value": 0.007087147496719761
      },
      {
        "date": "2025-01-29",
        "value": 0.006732790121883773
      },
      {
        "date": "2024-10-31",
        "value": 0.006396150615789584
      },
      {
        "date": "2024-08-02",
        "value": 0.006076343085000105
      },
      {
        "date": "2024-05-04",
        "value": 0.005772525930750099
      },
      {
        "date": "2024-02-04",
        "value": 0.0054838996342125934
      },
      {
        "date": "2023-11-06",
        "value": 0.005209704652501965
      }
    ],
    "earnings_dates": [
      "2025-07-28",
      "2025-04-29",
      "2025-01-29",
      "2024-10-31",
      "2024-08-02",
      "2024-05-04",
      "2024-02-04",
      "2023-11-06"
    ]
  },
  "analysis": {
    "avg_revenue_growth": 32.05036540034016,
    "avg_earnings_surprise": 2.4037493137505987,
    "consistency_score": 82,
    "trend_direction": "growing"
  }
}