{
  "ticker": "TJX",
  "quarters": [
    {
      "date": "2025-07-28",
      "quarter": "Q3 2025",
      "revenue": 23759009.536093824,
      "earnings": 9683188.320168912,
      "eps_actual": 0.005700152093557229,
      "eps_estimate": 0.005566806127617404,
      "surprise_percent": 2.395376502843953,
      "price_on_date": 0.49902340935505657,
      "revenue_growth": 4.187671211843077,
      "earnings_growth": 5.391731706341386
    },
    {
      "date": "2025-04-29",
      "quarter": "Q2 2025",
      "revenue": 22571059.05928913,
      "earnings": 9199028.904160466,
      "eps_actual": 0.005415144488879367,
      "eps_estimate": 0.005150623239903118,
      "surprise_percent": 5.135713420600033,
      "price_on_date": 0.45291518301374467,
      "revenue_growth": 4.6052249801654135,
      "earnings_growth": 6.163474816753365
    },
    {
      "date": "2025-01-29",
      "quarter": "Q1 2025",
      "revenue": 21442506.106324676,
      "earnings": 8739077.458952444,
      "eps_actual": 0.005144387264435399,
      "eps_estimate": 0.00524547924763084,
      "surprise_percent": -1.9272211064622933,
      "price_on_date": 0.4072146055249731,
      "revenue_growth": 4.255529384695501,
      "earnings_growth": 3.90575912508739
    },
    {
      "date": "2024-10-31",
      "quarter": "Q4 2024",
      "revenue": 20370380.80100844,
      "earnings": 8302123.586004821,
      "eps_actual": 0.0048871679012136285,
      "eps_estimate": 0.00494728586867446,
      "surprise_percent": -1.2151706826057902,
      "price_on_date": 0.3928437460638946,
      "revenue_growth": 4.2098760677748075,
      "earnings_growth": 5.67205172726339
    },
    {
      "date": "2024-08-02",
      "quarter": "Q3 2024",
      "revenue": 19351861.760958016,
      "earnings": 7887017.406704579,
      "eps_actual": 0.004642809506152947,
      "eps_estimate": 0.004642330648527866,
      "surprise_percent": 0.01031502625158729,
      "price_on_date": 0.3663213160810013,
      "revenue_growth": 5.447975099121268,
      "earnings_growth": 6.308184619682402
    },
    {
      "date": "2024-05-04",
      "quarter": "Q2 2024",
      "revenue": 18384268.672910113,
      "earnings": 7492666.536369349,
      "eps_actual": 0.004410669030845299,
      "eps_estimate": 0.004263764752805207,
      "surprise_percent": 3.4454123657606,
      "price_on_date": 0.4028893820877019,
      "revenue_growth": 5.109105847315335,
      "earnings_growth": 4.316701027429209
    },
    {
      "date": "2024-02-04",
      "quarter": "Q1 2024",
      "revenue": 17465055.239264607,
      "earnings": 7118033.209550881,
      "eps_actual": 0.004190135579303034,
      "eps_estimate": 0.004164426419306241,
      "surprise_percent": 0.6173517648818317,
      "price_on_date": 0.3762990814394073,
      "revenue_growth": 4.823500411839288,
      "earnings_growth": 4.9463001580206445
    },
    {
      "date": "2023-11-06",
      "quarter": "Q4 2023",
      "revenue": 16591802.477301376,
      "earnings": 6762131.549073337,
      "eps_actual": 0.003980628800337882,
      "eps_estimate": 0.003883162781564883,
      "surprise_percent": 2.509964795596872,
      "price_on_date": 0.3473997965319569,
      "revenue_growth": 4.83026862813467,
      "earnings_growth": 5.7093077149202545
    }
  ],
  "metrics": {
    "revenue_trend": [
      {
        "date": "2025-07-28",
        "value": 23759009.536093824
      },
      {
        "date": "2025-04-29",
        "value": 22571059.05928913
      },
      {
        "date": "2025-01-29",
        "value": 21442506.106324676
      },
      {
        "date": "2024-10-31",
        "value": 20370380.80100844
      },
      {
        "date": "2024-08-02",
        "value": 19351861.760958016
      },
      {
        "date": "2024-05-04",
        "value": 18384268.672910113
      },
      {
        "date": "2024-02-04",
        "value": 17465055.239264607
      },
      {
        "date": "2023-11-06",
        "value": 16591802.477301376
      }
    ],
    "eps_trend": [
      {
        "date": "2025-07-28",
        "value": 0.005700152093557229
      },
      {
        "date": "2025-04-29",
        "value": 0.005415144488879367
      },
      {
        "date": "2025-01-29",
        "value": 0.005144387264435399
      },
      {
        "date": "2024-10-31",
        "value": 0.0048871679012136285
      },
      {
        "date": "2024-08-02",
        "value": 0.004642809506152947
      },
      {
        "date": "2024-05-04",
        "value": 0.004410669030845299
      },
      {
        "date": "2024-02-04",
        "value": 0.004190135579303034
      },
      {
        "date": "2023-11-06",
        "value": 0.003980628800337882
      }
    ],
    "earnings_dates": [
      "2025-07-28",
      "2025-04-29",
      "2025-01-29",
      "2024-10-31",
      "2024-08-02",
      "2024-05-04",
      "2024-02-04",
      "2023-11-06"
    ]
  },
  "analysis": {
    "avg_revenue_growth": 4.3145754111197,
    "avg_earnings_surprise": 1.0971745335939755,
    "consistency_score": 77,
    "trend_direction": "stable"
  }
}