{
  "ticker": "TKO",
  "quarters": [
    {
      "date": "2025-07-28",
      "quarter": "Q3 2025",
      "revenue": 79073826.49694777,
      "earnings": 4676634.189979623,
      "eps_actual": 0.0013443023006791523,
      "eps_estimate": 0.0012903580232334591,
      "surprise_percent": 4.180566670211128,
      "price_on_date": 0.5232150580923681,
      "revenue_growth": 32.43289501208382,
      "earnings_growth": 27.996874771196147
    },
    {
      "date": "2025-04-29",
      "quarter": "Q2 2025",
      "revenue": 75120135.17210038,
      "earnings": 4442802.480480642,
      "eps_actual": 0.0012770871856451948,
      "eps_estimate": 0.0013012110291218727,
      "surprise_percent": -1.853953197196455,
      "price_on_date": 0.5040795551994548,
      "revenue_growth": 39.13697236107676,
      "earnings_growth": 44.10124961060308
    },
    {
      "date": "2025-01-29",
      "quarter": "Q1 2025",
      "revenue": 71364128.41349536,
      "earnings": 4220662.356456609,
      "eps_actual": 0.001213232826362935,
      "eps_estimate": 0.0012167668678802236,
      "surprise_percent": -0.2904452455584564,
      "price_on_date": 0.48924229674275604,
      "revenue_growth": 32.658780178650474,
      "earnings_growth": 26.49556799213605
    },
    {
      "date": "2024-10-31",
      "quarter": "Q4 2024",
      "revenue": 67795921.99282058,
      "earnings": 4009629.238633778,
      "eps_actual": 0.0011525711850447879,
      "eps_estimate": 0.0011376936264100885,
      "surprise_percent": 1.3076946454947196,
      "price_on_date": 0.4612296111969603,
      "revenue_growth": 42.55278691663583,
      "earnings_growth": 47.34753704631666
    },
    {
      "date": "2024-08-02",
      "quarter": "Q3 2024",
      "revenue": 64406125.89317955,
      "earnings": 3809147.7767020892,
      "eps_actual": 0.0010949426257925484,
      "eps_estimate": 0.0010877307776031755,
      "surprise_percent": 0.6630177556678408,
      "price_on_date": 0.44074817513718023,
      "revenue_growth": 34.74036909047938,
      "earnings_growth": 43.457692329255345
    },
    {
      "date": "2024-05-04",
      "quarter": "Q2 2024",
      "revenue": 61185819.59852056,
      "earnings": 3618690.387866984,
      "eps_actual": 0.0010401954945029209,
      "eps_estimate": 0.0009999750467908023,
      "surprise_percent": 4.022145136640874,
      "price_on_date": 0.4043532607711284,
      "revenue_growth": 33.085980512178644,
      "earnings_growth": 29.419113457972298
    },
    {
      "date": "2024-02-04",
      "quarter": "Q1 2024",
      "revenue": 58126528.618594535,
      "earnings": 3437755.868473635,
      "eps_actual": 0.0009881857197777749,
      "eps_estimate": 0.0009774932901446063,
      "surprise_percent": 1.0938622025310003,
      "price_on_date": 0.40123456193345786,
      "revenue_growth": 34.113242586345415,
      "earnings_growth": 42.33293318054593
    },
    {
      "date": "2023-11-06",
      "quarter": "Q4 2023",
      "revenue": 55220202.18766481,
      "earnings": 3265868.0750499535,
      "eps_actual": 0.0009387764337888862,
      "eps_estimate": 0.0009395163263607201,
      "surprise_percent": -0.07875249754305869,
      "price_on_date": 0.3818514325625938,
      "revenue_growth": 41.51358499412943,
      "earnings_growth": 32.987657017633445
    }
  ],
  "metrics": {
    "revenue_trend": [
      {
        "date": "2025-07-28",
        "value": 79073826.49694777
      },
      {
        "date": "2025-04-29",
        "value": 75120135.17210038
      },
      {
        "date": "2025-01-29",
        "value": 71364128.41349536
      },
      {
        "date": "2024-10-31",
        "value": 67795921.99282058
      },
      {
        "date": "2024-08-02",
        "value": 64406125.89317955
      },
      {
        "date": "2024-05-04",
        "value": 61185819.59852056
      },
      {
        "date": "2024-02-04",
        "value": 58126528.618594535
      },
      {
        "date": "2023-11-06",
        "value": 55220202.18766481
      }
    ],
    "eps_trend": [
      {
        "date": "2025-07-28",
        "value": 0.0013443023006791523
      },
      {
        "date": "2025-04-29",
        "value": 0.0012770871856451948
      },
      {
        "date": "2025-01-29",
        "value": 0.001213232826362935
      },
      {
        "date": "2024-10-31",
        "value": 0.0011525711850447879
      },
      {
        "date": "2024-08-02",
        "value": 0.0010949426257925484
      },
      {
        "date": "2024-05-04",
        "value": 0.0010401954945029209
      },
      {
        "date": "2024-02-04",
        "value": 0.0009881857197777749
      },
      {
        "date": "2023-11-06",
        "value": 0.0009387764337888862
      }
    ],
    "earnings_dates": [
      "2025-07-28",
      "2025-04-29",
      "2025-01-29",
      "2024-10-31",
      "2024-08-02",
      "2024-05-04",
      "2024-02-04",
      "2023-11-06"
    ]
  },
  "analysis": {
    "avg_revenue_growth": 36.69535861711172,
    "avg_earnings_surprise": 0.8359657182377341,
    "consistency_score": 74,
    "trend_direction": "growing"
  }
}