{
  "ticker": "TMO",
  "quarters": [
    {
      "date": "2025-07-28",
      "quarter": "Q3 2025",
      "revenue": 21248117324.163372,
      "earnings": 2425957309.476937,
      "eps_actual": 2.18101266117429,
      "eps_estimate": 2.191252897586723,
      "surprise_percent": -0.46732334837804523,
      "price_on_date": 1347.307154209181,
      "revenue_growth": 37.7105147801679,
      "earnings_growth": 40.43320443925341
    },
    {
      "date": "2025-04-29",
      "quarter": "Q2 2025",
      "revenue": 20185711457.955204,
      "earnings": 2304659444.00309,
      "eps_actual": 2.0719620281155753,
      "eps_estimate": 2.1130776563812295,
      "surprise_percent": -1.9457698651769915,
      "price_on_date": 1268.8378182944323,
      "revenue_growth": 41.602272171749576,
      "earnings_growth": 35.14927528006836
    },
    {
      "date": "2025-01-29",
      "quarter": "Q1 2025",
      "revenue": 19176425885.05744,
      "earnings": 2189426471.802935,
      "eps_actual": 1.9683639267097963,
      "eps_estimate": 1.9585793565696008,
      "surprise_percent": 0.4995748631463637,
      "price_on_date": 1061.8805412092718,
      "revenue_growth": 39.7283260033175,
      "earnings_growth": 50.0793754020228
    },
    {
      "date": "2024-10-31",
      "quarter": "Q4 2024",
      "revenue": 18217604590.80457,
      "earnings": 2079955148.2127886,
      "eps_actual": 1.8699457303743066,
      "eps_estimate": 1.8550695692810601,
      "surprise_percent": 0.8019193101750748,
      "price_on_date": 1191.727250429131,
      "revenue_growth": 40.45799060776214,
      "earnings_growth": 32.45224421194165
    },
    {
      "date": "2024-08-02",
      "quarter": "Q3 2024",
      "revenue": 17306724361.26434,
      "earnings": 1975957390.8021488,
      "eps_actual": 1.776448443855591,
      "eps_estimate": 1.770597404006578,
      "surprise_percent": 0.33045568889760396,
      "price_on_date": 1162.9395812827738,
      "revenue_growth": 49.39527954029628,
      "earnings_growth": 56.08845196874724
    },
    {
      "date": "2024-05-04",
      "quarter": "Q2 2024",
      "revenue": 16441388143.20112,
      "earnings": 1877159521.2620413,
      "eps_actual": 1.6876260216628114,
      "eps_estimate": 1.6237220665907743,
      "surprise_percent": 3.9356461544069616,
      "price_on_date": 1106.8776286880175,
      "revenue_growth": 37.07098614203321,
      "earnings_growth": 40.16980569940347
    },
    {
      "date": "2024-02-04",
      "quarter": "Q1 2024",
      "revenue": 15619318736.041065,
      "earnings": 1783301545.1989393,
      "eps_actual": 1.603244720579671,
      "eps_estimate": 1.6148490901803443,
      "surprise_percent": -0.7186039656112626,
      "price_on_date": 1051.5225107054416,
      "revenue_growth": 49.14761336244004,
      "earnings_growth": 54.911674193772576
    },
    {
      "date": "2023-11-06",
      "quarter": "Q4 2023",
      "revenue": 14838352799.23901,
      "earnings": 1694136467.938992,
      "eps_actual": 1.523082484550687,
      "eps_estimate": 1.4733826491600377,
      "surprise_percent": 3.3731790868436446,
      "price_on_date": 913.3096005748473,
      "revenue_growth": 37.75461905578804,
      "earnings_growth": 35.53391580252369
    }
  ],
  "metrics": {
    "revenue_trend": [
      {
        "date": "2025-07-28",
        "value": 21248117324.163372
      },
      {
        "date": "2025-04-29",
        "value": 20185711457.955204
      },
      {
        "date": "2025-01-29",
        "value": 19176425885.05744
      },
      {
        "date": "2024-10-31",
        "value": 18217604590.80457
      },
      {
        "date": "2024-08-02",
        "value": 17306724361.26434
      },
      {
        "date": "2024-05-04",
        "value": 16441388143.20112
      },
      {
        "date": "2024-02-04",
        "value": 15619318736.041065
      },
      {
        "date": "2023-11-06",
        "value": 14838352799.23901
      }
    ],
    "eps_trend": [
      {
        "date": "2025-07-28",
        "value": 2.18101266117429
      },
      {
        "date": "2025-04-29",
        "value": 2.0719620281155753
      },
      {
        "date": "2025-01-29",
        "value": 1.9683639267097963
      },
      {
        "date": "2024-10-31",
        "value": 1.8699457303743066
      },
      {
        "date": "2024-08-02",
        "value": 1.776448443855591
      },
      {
        "date": "2024-05-04",
        "value": 1.6876260216628114
      },
      {
        "date": "2024-02-04",
        "value": 1.603244720579671
      },
      {
        "date": "2023-11-06",
        "value": 1.523082484550687
      }
    ],
    "earnings_dates": [
      "2025-07-28",
      "2025-04-29",
      "2025-01-29",
      "2024-10-31",
      "2024-08-02",
      "2024-05-04",
      "2024-02-04",
      "2023-11-06"
    ]
  },
  "analysis": {
    "avg_revenue_growth": 39.87477589074928,
    "avg_earnings_surprise": -0.27789976005839956,
    "consistency_score": 65,
    "trend_direction": "growing"
  }
}