{
  "ticker": "TMUS",
  "quarters": [
    {
      "date": "2025-07-28",
      "quarter": "Q3 2025",
      "revenue": 98937500081.24278,
      "earnings": 27793769743.57636,
      "eps_actual": 16.718815464556066,
      "eps_estimate": 16.248187423575203,
      "surprise_percent": 2.896495644172642,
      "price_on_date": 878.3685277197318,
      "revenue_growth": 23.09198338229855,
      "earnings_growth": 24.164380186497723
    },
    {
      "date": "2025-04-29",
      "quarter": "Q2 2025",
      "revenue": 93990625077.18063,
      "earnings": 26404081256.39754,
      "eps_actual": 15.882874691328265,
      "eps_estimate": 15.228259545806898,
      "surprise_percent": 4.29868655411521,
      "price_on_date": 988.3978895439327,
      "revenue_growth": 17.191422821909192,
      "earnings_growth": 27.55199788119833
    },
    {
      "date": "2025-01-29",
      "quarter": "Q1 2025",
      "revenue": 89291093823.32161,
      "earnings": 25083877193.577663,
      "eps_actual": 15.08873095676185,
      "eps_estimate": 15.132793108240616,
      "surprise_percent": -0.29116998536622823,
      "price_on_date": 886.2242430089433,
      "revenue_growth": 23.735453282188598,
      "earnings_growth": 27.56363606799293
    },
    {
      "date": "2024-10-31",
      "quarter": "Q4 2024",
      "revenue": 84826539132.15552,
      "earnings": 23829683333.898777,
      "eps_actual": 14.334294408923757,
      "eps_estimate": 13.932732032263422,
      "surprise_percent": 2.8821510076448367,
      "price_on_date": 890.9482851568371,
      "revenue_growth": 24.949906601245846,
      "earnings_growth": 25.909187013708486
    },
    {
      "date": "2024-08-02",
      "quarter": "Q3 2024",
      "revenue": 80585212175.54774,
      "earnings": 22638199167.203842,
      "eps_actual": 13.617579688477571,
      "eps_estimate": 13.382862681704927,
      "surprise_percent": 1.7538624758775636,
      "price_on_date": 718.2870674050972,
      "revenue_growth": 17.356533171444635,
      "earnings_growth": 17.86401659104209
    },
    {
      "date": "2024-05-04",
      "quarter": "Q2 2024",
      "revenue": 76555951566.77034,
      "earnings": 21506289208.843643,
      "eps_actual": 12.936700704053688,
      "eps_estimate": 13.030197589613518,
      "surprise_percent": -0.7175400443225596,
      "price_on_date": 721.6328599576689,
      "revenue_growth": 17.760714765238504,
      "earnings_growth": 21.936824059154137
    },
    {
      "date": "2024-02-04",
      "quarter": "Q1 2024",
      "revenue": 72728153988.43182,
      "earnings": 20430974748.401463,
      "eps_actual": 12.289865668851006,
      "eps_estimate": 12.236412199710228,
      "surprise_percent": 0.4368393959631641,
      "price_on_date": 704.9913628204075,
      "revenue_growth": 22.798595939055925,
      "earnings_growth": 27.264059449570453
    },
    {
      "date": "2023-11-06",
      "quarter": "Q4 2023",
      "revenue": 69091746289.01022,
      "earnings": 19409426010.981384,
      "eps_actual": 11.675372385408451,
      "eps_estimate": 11.818710707403818,
      "surprise_percent": -1.212808448772446,
      "price_on_date": 609.5323261182551,
      "revenue_growth": 17.880248256552797,
      "earnings_growth": 25.281073832415558
    }
  ],
  "metrics": {
    "revenue_trend": [
      {
        "date": "2025-07-28",
        "value": 98937500081.24278
      },
      {
        "date": "2025-04-29",
        "value": 93990625077.18063
      },
      {
        "date": "2025-01-29",
        "value": 89291093823.32161
      },
      {
        "date": "2024-10-31",
        "value": 84826539132.15552
      },
      {
        "date": "2024-08-02",
        "value": 80585212175.54774
      },
      {
        "date": "2024-05-04",
        "value": 76555951566.77034
      },
      {
        "date": "2024-02-04",
        "value": 72728153988.43182
      },
      {
        "date": "2023-11-06",
        "value": 69091746289.01022
      }
    ],
    "eps_trend": [
      {
        "date": "2025-07-28",
        "value": 16.718815464556066
      },
      {
        "date": "2025-04-29",
        "value": 15.882874691328265
      },
      {
        "date": "2025-01-29",
        "value": 15.08873095676185
      },
      {
        "date": "2024-10-31",
        "value": 14.334294408923757
      },
      {
        "date": "2024-08-02",
        "value": 13.617579688477571
      },
      {
        "date": "2024-05-04",
        "value": 12.936700704053688
      },
      {
        "date": "2024-02-04",
        "value": 12.289865668851006
      },
      {
        "date": "2023-11-06",
        "value": 11.675372385408451
      }
    ],
    "earnings_dates": [
      "2025-07-28",
      "2025-04-29",
      "2025-01-29",
      "2024-10-31",
      "2024-08-02",
      "2024-05-04",
      "2024-02-04",
      "2023-11-06"
    ]
  },
  "analysis": {
    "avg_revenue_growth": 22.242191521910545,
    "avg_earnings_surprise": 2.446540805141615,
    "consistency_score": 63,
    "trend_direction": "growing"
  }
}