{
  "ticker": "TPL",
  "quarters": [
    {
      "date": "2025-07-28",
      "quarter": "Q3 2025",
      "revenue": 2179726548.3731155,
      "earnings": 82048002.01024808,
      "eps_actual": 0.08078616217714933,
      "eps_estimate": 0.08077099515173818,
      "surprise_percent": 0.018777811741284935,
      "price_on_date": 88.69357426809825,
      "revenue_growth": 38.8695122326496,
      "earnings_growth": 43.24467772854355
    },
    {
      "date": "2025-04-29",
      "quarter": "Q2 2025",
      "revenue": 2070740220.9544597,
      "earnings": 77945601.90973566,
      "eps_actual": 0.07674685406829185,
      "eps_estimate": 0.07667448417700116,
      "surprise_percent": 0.09438588608384858,
      "price_on_date": 72.33729707433247,
      "revenue_growth": 36.1488569995756,
      "earnings_growth": 25.844615997169896
    },
    {
      "date": "2025-01-29",
      "quarter": "Q1 2025",
      "revenue": 1967203209.9067366,
      "earnings": 74048321.81424887,
      "eps_actual": 0.07290951136487725,
      "eps_estimate": 0.0697395177776476,
      "surprise_percent": 4.545476780233305,
      "price_on_date": 81.5384794526624,
      "revenue_growth": 40.563096444050096,
      "earnings_growth": 44.35344991127845
    },
    {
      "date": "2024-10-31",
      "quarter": "Q4 2024",
      "revenue": 1868843049.4113996,
      "earnings": 70345905.72353643,
      "eps_actual": 0.06926403579663339,
      "eps_estimate": 0.0664057091433052,
      "surprise_percent": 4.304338723587532,
      "price_on_date": 74.1896301997007,
      "revenue_growth": 39.23058098294793,
      "earnings_growth": 29.36675164089536
    },
    {
      "date": "2024-08-02",
      "quarter": "Q3 2024",
      "revenue": 1775400896.9408298,
      "earnings": 66828610.437359616,
      "eps_actual": 0.06580083400680173,
      "eps_estimate": 0.06341317094484779,
      "surprise_percent": 3.7652478599919847,
      "price_on_date": 71.74458444310366,
      "revenue_growth": 37.96951122838355,
      "earnings_growth": 29.700102347352775
    },
    {
      "date": "2024-05-04",
      "quarter": "Q2 2024",
      "revenue": 1686630852.093788,
      "earnings": 63487179.91549162,
      "eps_actual": 0.06251079230646162,
      "eps_estimate": 0.06255940693448431,
      "surprise_percent": -0.0777095410664678,
      "price_on_date": 60.932955694337,
      "revenue_growth": 33.20068056455721,
      "earnings_growth": 26.92700590372588
    },
    {
      "date": "2024-02-04",
      "quarter": "Q1 2024",
      "revenue": 1602299309.4890985,
      "earnings": 60312820.91971704,
      "eps_actual": 0.05938525269113855,
      "eps_estimate": 0.05799272148244677,
      "surprise_percent": 2.4012172098411915,
      "price_on_date": 66.69863588749159,
      "revenue_growth": 29.51620332213124,
      "earnings_growth": 40.831061529090846
    },
    {
      "date": "2023-11-06",
      "quarter": "Q4 2023",
      "revenue": 1522184344.0146434,
      "earnings": 57297179.87373118,
      "eps_actual": 0.05641599005658161,
      "eps_estimate": 0.05562500632064828,
      "surprise_percent": 1.4219930715580091,
      "price_on_date": 53.78926247389611,
      "revenue_growth": 39.34100791583566,
      "earnings_growth": 43.28927861496439
    }
  ],
  "metrics": {
    "revenue_trend": [
      {
        "date": "2025-07-28",
        "value": 2179726548.3731155
      },
      {
        "date": "2025-04-29",
        "value": 2070740220.9544597
      },
      {
        "date": "2025-01-29",
        "value": 1967203209.9067366
      },
      {
        "date": "2024-10-31",
        "value": 1868843049.4113996
      },
      {
        "date": "2024-08-02",
        "value": 1775400896.9408298
      },
      {
        "date": "2024-05-04",
        "value": 1686630852.093788
      },
      {
        "date": "2024-02-04",
        "value": 1602299309.4890985
      },
      {
        "date": "2023-11-06",
        "value": 1522184344.0146434
      }
    ],
    "eps_trend": [
      {
        "date": "2025-07-28",
        "value": 0.08078616217714933
      },
      {
        "date": "2025-04-29",
        "value": 0.07674685406829185
      },
      {
        "date": "2025-01-29",
        "value": 0.07290951136487725
      },
      {
        "date": "2024-10-31",
        "value": 0.06926403579663339
      },
      {
        "date": "2024-08-02",
        "value": 0.06580083400680173
      },
      {
        "date": "2024-05-04",
        "value": 0.06251079230646162
      },
      {
        "date": "2024-02-04",
        "value": 0.05938525269113855
      },
      {
        "date": "2023-11-06",
        "value": 0.05641599005658161
      }
    ],
    "earnings_dates": [
      "2025-07-28",
      "2025-04-29",
      "2025-01-29",
      "2024-10-31",
      "2024-08-02",
      "2024-05-04",
      "2024-02-04",
      "2023-11-06"
    ]
  },
  "analysis": {
    "avg_revenue_growth": 38.7030116648058,
    "avg_earnings_surprise": 2.240744800411493,
    "consistency_score": 77,
    "trend_direction": "growing"
  }
}