{
  "ticker": "TPR",
  "quarters": [
    {
      "date": "2025-07-28",
      "quarter": "Q3 2025",
      "revenue": 2372660773.1784286,
      "earnings": 929195924.4326102,
      "eps_actual": 0.31417304843252214,
      "eps_estimate": 0.3195514579119528,
      "surprise_percent": -1.6831121705952499,
      "price_on_date": 2.80655605322774,
      "revenue_growth": -4.1927973891045855,
      "earnings_growth": -3.3334044623250714
    },
    {
      "date": "2025-04-29",
      "quarter": "Q2 2025",
      "revenue": 2254027734.519507,
      "earnings": 882736128.2109796,
      "eps_actual": 0.29846439601089597,
      "eps_estimate": 0.2982005534029793,
      "surprise_percent": 0.08847824221175289,
      "price_on_date": 2.536214412071621,
      "revenue_growth": -3.8782116337478154,
      "earnings_growth": -4.058255897370534
    },
    {
      "date": "2025-01-29",
      "quarter": "Q1 2025",
      "revenue": 2141326347.793532,
      "earnings": 838599321.8004307,
      "eps_actual": 0.2835411762103512,
      "eps_estimate": 0.2766920343584701,
      "surprise_percent": 2.475366472967422,
      "price_on_date": 2.722874620309114,
      "revenue_growth": -4.541292440058369,
      "earnings_growth": -3.7344653433725656
    },
    {
      "date": "2024-10-31",
      "quarter": "Q4 2024",
      "revenue": 2034260030.403855,
      "earnings": 796669355.710409,
      "eps_actual": 0.2693641173998336,
      "eps_estimate": 0.2605587568421714,
      "surprise_percent": 3.379414556769595,
      "price_on_date": 2.4321883967848223,
      "revenue_growth": -4.166709798002345,
      "earnings_growth": -4.12872293522219
    },
    {
      "date": "2024-08-02",
      "quarter": "Q3 2024",
      "revenue": 1932547028.8836622,
      "earnings": 756835887.9248886,
      "eps_actual": 0.2558959115298419,
      "eps_estimate": 0.24988177934260686,
      "surprise_percent": 2.406791004553091,
      "price_on_date": 2.4565881474916718,
      "revenue_growth": -4.8905496398740915,
      "earnings_growth": -3.942102076285793
    },
    {
      "date": "2024-05-04",
      "quarter": "Q2 2024",
      "revenue": 1835919677.4394789,
      "earnings": 718994093.5286441,
      "eps_actual": 0.24310111595334982,
      "eps_estimate": 0.24442856322738224,
      "surprise_percent": -0.5430818953828835,
      "price_on_date": 2.09870320270256,
      "revenue_growth": -4.087387441921235,
      "earnings_growth": -5.617331395135976
    },
    {
      "date": "2024-02-04",
      "quarter": "Q1 2024",
      "revenue": 1744123693.567505,
      "earnings": 683044388.8522118,
      "eps_actual": 0.2309460601556823,
      "eps_estimate": 0.22242070218605375,
      "surprise_percent": 3.8329876157378275,
      "price_on_date": 2.063296186017669,
      "revenue_growth": -5.119730521253401,
      "earnings_growth": -3.5094384095504045
    },
    {
      "date": "2023-11-06",
      "quarter": "Q4 2023",
      "revenue": 1656917508.8891294,
      "earnings": 648892169.4096011,
      "eps_actual": 0.21939875714789814,
      "eps_estimate": 0.21505464090333942,
      "surprise_percent": 2.0200058116910227,
      "price_on_date": 1.8533739278625918,
      "revenue_growth": -3.761503953698955,
      "earnings_growth": -3.1987243738357636
    }
  ],
  "metrics": {
    "revenue_trend": [
      {
        "date": "2025-07-28",
        "value": 2372660773.1784286
      },
      {
        "date": "2025-04-29",
        "value": 2254027734.519507
      },
      {
        "date": "2025-01-29",
        "value": 2141326347.793532
      },
      {
        "date": "2024-10-31",
        "value": 2034260030.403855
      },
      {
        "date": "2024-08-02",
        "value": 1932547028.8836622
      },
      {
        "date": "2024-05-04",
        "value": 1835919677.4394789
      },
      {
        "date": "2024-02-04",
        "value": 1744123693.567505
      },
      {
        "date": "2023-11-06",
        "value": 1656917508.8891294
      }
    ],
    "eps_trend": [
      {
        "date": "2025-07-28",
        "value": 0.31417304843252214
      },
      {
        "date": "2025-04-29",
        "value": 0.29846439601089597
      },
      {
        "date": "2025-01-29",
        "value": 0.2835411762103512
      },
      {
        "date": "2024-10-31",
        "value": 0.2693641173998336
      },
      {
        "date": "2024-08-02",
        "value": 0.2558959115298419
      },
      {
        "date": "2024-05-04",
        "value": 0.24310111595334982
      },
      {
        "date": "2024-02-04",
        "value": 0.2309460601556823
      },
      {
        "date": "2023-11-06",
        "value": 0.21939875714789814
      }
    ],
    "earnings_dates": [
      "2025-07-28",
      "2025-04-29",
      "2025-01-29",
      "2024-10-31",
      "2024-08-02",
      "2024-05-04",
      "2024-02-04",
      "2023-11-06"
    ]
  },
  "analysis": {
    "avg_revenue_growth": -4.194752815228279,
    "avg_earnings_surprise": 1.06503677533838,
    "consistency_score": 66,
    "trend_direction": "stable"
  }
}