{
  "ticker": "TRGP",
  "quarters": [
    {
      "date": "2025-07-28",
      "quarter": "Q3 2025",
      "revenue": 1985992835.5850677,
      "earnings": 135856824.43714437,
      "eps_actual": 0.053487338740108865,
      "eps_estimate": 0.051871683111732646,
      "surprise_percent": 3.114716028967221,
      "price_on_date": 41.630514750111075,
      "revenue_growth": -9.855710481013695,
      "earnings_growth": -13.459682293898105
    },
    {
      "date": "2025-04-29",
      "quarter": "Q2 2025",
      "revenue": 1886693193.8058143,
      "earnings": 129063983.21528715,
      "eps_actual": 0.05081297180310342,
      "eps_estimate": 0.048481360693635143,
      "surprise_percent": 4.80929387316966,
      "price_on_date": 38.91782216077718,
      "revenue_growth": -12.08672617703451,
      "earnings_growth": -12.962213255946335
    },
    {
      "date": "2025-01-29",
      "quarter": "Q1 2025",
      "revenue": 1792358534.1155236,
      "earnings": 122610784.0545228,
      "eps_actual": 0.048272323212948255,
      "eps_estimate": 0.047861998559213394,
      "surprise_percent": 0.8573078143137304,
      "price_on_date": 31.132039281071997,
      "revenue_growth": -8.516586989449655,
      "earnings_growth": -8.278757267954258
    },
    {
      "date": "2024-10-31",
      "quarter": "Q4 2024",
      "revenue": 1702740607.4097471,
      "earnings": 116480244.85179664,
      "eps_actual": 0.045858707052300836,
      "eps_estimate": 0.04474472989014151,
      "surprise_percent": 2.489627638594288,
      "price_on_date": 30.762530050516688,
      "revenue_growth": -10.568972282688085,
      "earnings_growth": -9.24453872410876
    },
    {
      "date": "2024-08-02",
      "quarter": "Q3 2024",
      "revenue": 1617603577.03926,
      "earnings": 110656232.60920681,
      "eps_actual": 0.0435657716996858,
      "eps_estimate": 0.043609173616302094,
      "surprise_percent": -0.09952473990488692,
      "price_on_date": 33.82739580589962,
      "revenue_growth": -10.955847739400951,
      "earnings_growth": -9.884233572227101
    },
    {
      "date": "2024-05-04",
      "quarter": "Q2 2024",
      "revenue": 1536723398.1872966,
      "earnings": 105123420.97874646,
      "eps_actual": 0.0413874831147015,
      "eps_estimate": 0.04153189006433332,
      "surprise_percent": -0.3477013673303322,
      "price_on_date": 29.92945327889494,
      "revenue_growth": -12.02923062409049,
      "earnings_growth": -11.564524689252647
    },
    {
      "date": "2024-02-04",
      "quarter": "Q1 2024",
      "revenue": 1459887228.277932,
      "earnings": 99867249.92980914,
      "eps_actual": 0.039318108958966425,
      "eps_estimate": 0.03894777227201366,
      "surprise_percent": 0.9508546069498146,
      "price_on_date": 30.291331920853942,
      "revenue_growth": -12.049536527655865,
      "earnings_growth": -10.761314924701223
    },
    {
      "date": "2023-11-06",
      "quarter": "Q4 2023",
      "revenue": 1386892866.8640351,
      "earnings": 94873887.43331867,
      "eps_actual": 0.0373522035110181,
      "eps_estimate": 0.03552281045873798,
      "surprise_percent": 5.1499108000057605,
      "price_on_date": 28.776921308392268,
      "revenue_growth": -10.509893439109483,
      "earnings_growth": -11.974085447072897
    }
  ],
  "metrics": {
    "revenue_trend": [
      {
        "date": "2025-07-28",
        "value": 1985992835.5850677
      },
      {
        "date": "2025-04-29",
        "value": 1886693193.8058143
      },
      {
        "date": "2025-01-29",
        "value": 1792358534.1155236
      },
      {
        "date": "2024-10-31",
        "value": 1702740607.4097471
      },
      {
        "date": "2024-08-02",
        "value": 1617603577.03926
      },
      {
        "date": "2024-05-04",
        "value": 1536723398.1872966
      },
      {
        "date": "2024-02-04",
        "value": 1459887228.277932
      },
      {
        "date": "2023-11-06",
        "value": 1386892866.8640351
      }
    ],
    "eps_trend": [
      {
        "date": "2025-07-28",
        "value": 0.053487338740108865
      },
      {
        "date": "2025-04-29",
        "value": 0.05081297180310342
      },
      {
        "date": "2025-01-29",
        "value": 0.048272323212948255
      },
      {
        "date": "2024-10-31",
        "value": 0.045858707052300836
      },
      {
        "date": "2024-08-02",
        "value": 0.0435657716996858
      },
      {
        "date": "2024-05-04",
        "value": 0.0413874831147015
      },
      {
        "date": "2024-02-04",
        "value": 0.039318108958966425
      },
      {
        "date": "2023-11-06",
        "value": 0.0373522035110181
      }
    ],
    "earnings_dates": [
      "2025-07-28",
      "2025-04-29",
      "2025-01-29",
      "2024-10-31",
      "2024-08-02",
      "2024-05-04",
      "2024-02-04",
      "2023-11-06"
    ]
  },
  "analysis": {
    "avg_revenue_growth": -10.256998982546486,
    "avg_earnings_surprise": 2.8177363387612253,
    "consistency_score": 89,
    "trend_direction": "declining"
  }
}