{
  "ticker": "TRMB",
  "quarters": [
    {
      "date": "2025-07-28",
      "quarter": "Q3 2025",
      "revenue": 1493592283.0152597,
      "earnings": 237366592.79497114,
      "eps_actual": 0.06110697449331653,
      "eps_estimate": 0.06116436816992076,
      "surprise_percent": -0.09383514997618937,
      "price_on_date": 14.15252033551099,
      "revenue_growth": 5.686030530971295,
      "earnings_growth": 3.8538472254044125
    },
    {
      "date": "2025-04-29",
      "quarter": "Q2 2025",
      "revenue": 1418912668.8644967,
      "earnings": 225498263.15522256,
      "eps_actual": 0.0580516257686507,
      "eps_estimate": 0.05798157711037526,
      "surprise_percent": 0.12081192297011469,
      "price_on_date": 12.342954562076567,
      "revenue_growth": 5.5077482278658305,
      "earnings_growth": 6.171560532542097
    },
    {
      "date": "2025-01-29",
      "quarter": "Q1 2025",
      "revenue": 1347967035.4212718,
      "earnings": 214223349.9974614,
      "eps_actual": 0.05514904448021816,
      "eps_estimate": 0.054282592027734174,
      "surprise_percent": 1.5961884282189303,
      "price_on_date": 12.586449581617329,
      "revenue_growth": 4.120724720507374,
      "earnings_growth": 5.802581444382459
    },
    {
      "date": "2024-10-31",
      "quarter": "Q4 2024",
      "revenue": 1280568683.6502082,
      "earnings": 203512182.49758837,
      "eps_actual": 0.05239159225620726,
      "eps_estimate": 0.05065153443356303,
      "surprise_percent": 3.4353506603567356,
      "price_on_date": 10.918295637118108,
      "revenue_growth": 4.176847661462046,
      "earnings_growth": 4.934025543351767
    },
    {
      "date": "2024-08-02",
      "quarter": "Q3 2024",
      "revenue": 1216540249.4676976,
      "earnings": 193336573.37270892,
      "eps_actual": 0.04977201264339688,
      "eps_estimate": 0.04769613751128314,
      "surprise_percent": 4.352291905445522,
      "price_on_date": 10.959909124169437,
      "revenue_growth": 5.143602684956782,
      "earnings_growth": 6.240515782100887
    },
    {
      "date": "2024-05-04",
      "quarter": "Q2 2024",
      "revenue": 1155713236.9943128,
      "earnings": 183669744.70407346,
      "eps_actual": 0.04728341201122704,
      "eps_estimate": 0.045884000448569766,
      "surprise_percent": 3.0498900465878878,
      "price_on_date": 10.961005607260864,
      "revenue_growth": 5.231492206749603,
      "earnings_growth": 5.940541494945199
    },
    {
      "date": "2024-02-04",
      "quarter": "Q1 2024",
      "revenue": 1097927575.144597,
      "earnings": 174486257.46886978,
      "eps_actual": 0.04491924141066568,
      "eps_estimate": 0.04474844408557825,
      "surprise_percent": 0.3816832709552798,
      "price_on_date": 10.806686430925195,
      "revenue_growth": 4.516912673751042,
      "earnings_growth": 4.689425324800157
    },
    {
      "date": "2023-11-06",
      "quarter": "Q4 2023",
      "revenue": 1043031196.3873671,
      "earnings": 165761944.5954263,
      "eps_actual": 0.0426732793401324,
      "eps_estimate": 0.04264765031038668,
      "surprise_percent": 0.06009482247954958,
      "price_on_date": 9.29576130245152,
      "revenue_growth": 5.447772309700234,
      "earnings_growth": 5.903196660863184
    }
  ],
  "metrics": {
    "revenue_trend": [
      {
        "date": "2025-07-28",
        "value": 1493592283.0152597
      },
      {
        "date": "2025-04-29",
        "value": 1418912668.8644967
      },
      {
        "date": "2025-01-29",
        "value": 1347967035.4212718
      },
      {
        "date": "2024-10-31",
        "value": 1280568683.6502082
      },
      {
        "date": "2024-08-02",
        "value": 1216540249.4676976
      },
      {
        "date": "2024-05-04",
        "value": 1155713236.9943128
      },
      {
        "date": "2024-02-04",
        "value": 1097927575.144597
      },
      {
        "date": "2023-11-06",
        "value": 1043031196.3873671
      }
    ],
    "eps_trend": [
      {
        "date": "2025-07-28",
        "value": 0.06110697449331653
      },
      {
        "date": "2025-04-29",
        "value": 0.0580516257686507
      },
      {
        "date": "2025-01-29",
        "value": 0.05514904448021816
      },
      {
        "date": "2024-10-31",
        "value": 0.05239159225620726
      },
      {
        "date": "2024-08-02",
        "value": 0.04977201264339688
      },
      {
        "date": "2024-05-04",
        "value": 0.04728341201122704
      },
      {
        "date": "2024-02-04",
        "value": 0.04491924141066568
      },
      {
        "date": "2023-11-06",
        "value": 0.0426732793401324
      }
    ],
    "earnings_dates": [
      "2025-07-28",
      "2025-04-29",
      "2025-01-29",
      "2024-10-31",
      "2024-08-02",
      "2024-05-04",
      "2024-02-04",
      "2023-11-06"
    ]
  },
  "analysis": {
    "avg_revenue_growth": 4.872837785201637,
    "avg_earnings_surprise": 1.2646289653923977,
    "consistency_score": 89,
    "trend_direction": "stable"
  }
}