{
  "ticker": "TROW",
  "quarters": [
    {
      "date": "2025-07-28",
      "quarter": "Q3 2025",
      "revenue": 1268534697.179054,
      "earnings": 441525650.7581429,
      "eps_actual": 0.21408443048744843,
      "eps_estimate": 0.20408131540673477,
      "surprise_percent": 4.901534009018622,
      "price_on_date": 8.625885466572809,
      "revenue_growth": 58.73196407855497,
      "earnings_growth": 42.19516173044058
    },
    {
      "date": "2025-04-29",
      "quarter": "Q2 2025",
      "revenue": 1205107962.3201013,
      "earnings": 419449368.2202357,
      "eps_actual": 0.203380208963076,
      "eps_estimate": 0.19408331850420216,
      "surprise_percent": 4.790154316468233,
      "price_on_date": 8.243718462850978,
      "revenue_growth": 57.621532162372446,
      "earnings_growth": 49.53840536294255
    },
    {
      "date": "2025-01-29",
      "quarter": "Q1 2025",
      "revenue": 1144852564.2040963,
      "earnings": 398476899.80922395,
      "eps_actual": 0.19321119851492222,
      "eps_estimate": 0.19249782395265783,
      "surprise_percent": 0.370588377372949,
      "price_on_date": 7.011476237632648,
      "revenue_growth": 51.30299671593513,
      "earnings_growth": 44.13250200347241
    },
    {
      "date": "2024-10-31",
      "quarter": "Q4 2024",
      "revenue": 1087609935.9938912,
      "earnings": 378553054.81876266,
      "eps_actual": 0.18355063858917606,
      "eps_estimate": 0.17862405035495413,
      "surprise_percent": 2.7580766556530447,
      "price_on_date": 7.8909475117832155,
      "revenue_growth": 45.036822983932815,
      "earnings_growth": 56.38873577533238
    },
    {
      "date": "2024-08-02",
      "quarter": "Q3 2024",
      "revenue": 1033229439.1941967,
      "earnings": 359625402.07782453,
      "eps_actual": 0.17437310665971725,
      "eps_estimate": 0.1663806549758199,
      "surprise_percent": 4.803714521414092,
      "price_on_date": 6.934947450123769,
      "revenue_growth": 55.46122398802159,
      "earnings_growth": 46.342809942427394
    },
    {
      "date": "2024-05-04",
      "quarter": "Q2 2024",
      "revenue": 981567967.2344867,
      "earnings": 341644131.9739333,
      "eps_actual": 0.16565445132673137,
      "eps_estimate": 0.16259185403140636,
      "surprise_percent": 1.8836105372987757,
      "price_on_date": 6.95966074229783,
      "revenue_growth": 50.75778353425046,
      "earnings_growth": 44.41414958230308
    },
    {
      "date": "2024-02-04",
      "quarter": "Q1 2024",
      "revenue": 932489568.8727624,
      "earnings": 324561925.37523663,
      "eps_actual": 0.15737172876039482,
      "eps_estimate": 0.15137936662008306,
      "surprise_percent": 3.958506548221199,
      "price_on_date": 5.78029965885921,
      "revenue_growth": 50.764310851266266,
      "earnings_growth": 62.18298528481099
    },
    {
      "date": "2023-11-06",
      "quarter": "Q4 2023",
      "revenue": 885865090.4291242,
      "earnings": 308333829.10647476,
      "eps_actual": 0.14950314232237505,
      "eps_estimate": 0.1458772458401064,
      "surprise_percent": 2.4855805724786877,
      "price_on_date": 6.142256947846052,
      "revenue_growth": 41.88049313128437,
      "earnings_growth": 45.74028475039483
    }
  ],
  "metrics": {
    "revenue_trend": [
      {
        "date": "2025-07-28",
        "value": 1268534697.179054
      },
      {
        "date": "2025-04-29",
        "value": 1205107962.3201013
      },
      {
        "date": "2025-01-29",
        "value": 1144852564.2040963
      },
      {
        "date": "2024-10-31",
        "value": 1087609935.9938912
      },
      {
        "date": "2024-08-02",
        "value": 1033229439.1941967
      },
      {
        "date": "2024-05-04",
        "value": 981567967.2344867
      },
      {
        "date": "2024-02-04",
        "value": 932489568.8727624
      },
      {
        "date": "2023-11-06",
        "value": 885865090.4291242
      }
    ],
    "eps_trend": [
      {
        "date": "2025-07-28",
        "value": 0.21408443048744843
      },
      {
        "date": "2025-04-29",
        "value": 0.203380208963076
      },
      {
        "date": "2025-01-29",
        "value": 0.19321119851492222
      },
      {
        "date": "2024-10-31",
        "value": 0.18355063858917606
      },
      {
        "date": "2024-08-02",
        "value": 0.17437310665971725
      },
      {
        "date": "2024-05-04",
        "value": 0.16565445132673137
      },
      {
        "date": "2024-02-04",
        "value": 0.15737172876039482
      },
      {
        "date": "2023-11-06",
        "value": 0.14950314232237505
      }
    ],
    "earnings_dates": [
      "2025-07-28",
      "2025-04-29",
      "2025-01-29",
      "2024-10-31",
      "2024-08-02",
      "2024-05-04",
      "2024-02-04",
      "2023-11-06"
    ]
  },
  "analysis": {
    "avg_revenue_growth": 53.173328985198836,
    "avg_earnings_surprise": 3.2050883396282117,
    "consistency_score": 95,
    "trend_direction": "growing"
  }
}