{
  "ticker": "TRV",
  "quarters": [
    {
      "date": "2025-07-28",
      "quarter": "Q3 2025",
      "revenue": 2282683626.875759,
      "earnings": 311036650.63523626,
      "eps_actual": 0.4635654126560796,
      "eps_estimate": 0.44498762841775724,
      "surprise_percent": 4.174899042559764,
      "price_on_date": 131.1238387525046,
      "revenue_growth": 14.146117578252182,
      "earnings_growth": 17.522177640401686
    },
    {
      "date": "2025-04-29",
      "quarter": "Q2 2025",
      "revenue": 2168549445.531971,
      "earnings": 295484818.10347444,
      "eps_actual": 0.4403871420232756,
      "eps_estimate": 0.4299402866793636,
      "surprise_percent": 2.4298386700623227,
      "price_on_date": 138.9580236729112,
      "revenue_growth": 14.969556594521583,
      "earnings_growth": 18.24641286732067
    },
    {
      "date": "2025-01-29",
      "quarter": "Q1 2025",
      "revenue": 2060121973.2553725,
      "earnings": 280710577.1983007,
      "eps_actual": 0.4183677849221118,
      "eps_estimate": 0.4004968231849317,
      "surprise_percent": 4.462198125583656,
      "price_on_date": 134.5491425705291,
      "revenue_growth": 14.809480937295353,
      "earnings_growth": 17.9780098577151
    },
    {
      "date": "2024-10-31",
      "quarter": "Q4 2024",
      "revenue": 1957115874.5926037,
      "earnings": 266675048.33838564,
      "eps_actual": 0.3974493956760062,
      "eps_estimate": 0.3861427006729617,
      "surprise_percent": 2.9281130999859397,
      "price_on_date": 122.04861451106778,
      "revenue_growth": 16.36940333830871,
      "earnings_growth": 17.59169508616546
    },
    {
      "date": "2024-08-02",
      "quarter": "Q3 2024",
      "revenue": 1859260080.8629735,
      "earnings": 253341295.92146635,
      "eps_actual": 0.3775769258922058,
      "eps_estimate": 0.36859137876272474,
      "surprise_percent": 2.4378071889916306,
      "price_on_date": 123.09517196842859,
      "revenue_growth": 14.47443349355602,
      "earnings_growth": 14.483815281181391
    },
    {
      "date": "2024-05-04",
      "quarter": "Q2 2024",
      "revenue": 1766297076.8198245,
      "earnings": 240674231.125393,
      "eps_actual": 0.3586980795975955,
      "eps_estimate": 0.35589543658390355,
      "surprise_percent": 0.7874905732406595,
      "price_on_date": 102.92491881908175,
      "revenue_growth": 12.647807454584912,
      "earnings_growth": 12.723725001335778
    },
    {
      "date": "2024-02-04",
      "quarter": "Q1 2024",
      "revenue": 1677982222.9788334,
      "earnings": 228640519.56912336,
      "eps_actual": 0.34076317561771574,
      "eps_estimate": 0.3348494766849272,
      "surprise_percent": 1.7660768030266216,
      "price_on_date": 101.53464817797104,
      "revenue_growth": 14.832425236461368,
      "earnings_growth": 13.93149369701175
    },
    {
      "date": "2023-11-06",
      "quarter": "Q4 2023",
      "revenue": 1594083111.8298914,
      "earnings": 217208493.59066716,
      "eps_actual": 0.3237250168368299,
      "eps_estimate": 0.32807578811112953,
      "surprise_percent": -1.3261482352443126,
      "price_on_date": 94.03125296357568,
      "revenue_growth": 11.978193884740742,
      "earnings_growth": 13.36277326274146
    }
  ],
  "metrics": {
    "revenue_trend": [
      {
        "date": "2025-07-28",
        "value": 2282683626.875759
      },
      {
        "date": "2025-04-29",
        "value": 2168549445.531971
      },
      {
        "date": "2025-01-29",
        "value": 2060121973.2553725
      },
      {
        "date": "2024-10-31",
        "value": 1957115874.5926037
      },
      {
        "date": "2024-08-02",
        "value": 1859260080.8629735
      },
      {
        "date": "2024-05-04",
        "value": 1766297076.8198245
      },
      {
        "date": "2024-02-04",
        "value": 1677982222.9788334
      },
      {
        "date": "2023-11-06",
        "value": 1594083111.8298914
      }
    ],
    "eps_trend": [
      {
        "date": "2025-07-28",
        "value": 0.4635654126560796
      },
      {
        "date": "2025-04-29",
        "value": 0.4403871420232756
      },
      {
        "date": "2025-01-29",
        "value": 0.4183677849221118
      },
      {
        "date": "2024-10-31",
        "value": 0.3974493956760062
      },
      {
        "date": "2024-08-02",
        "value": 0.3775769258922058
      },
      {
        "date": "2024-05-04",
        "value": 0.3586980795975955
      },
      {
        "date": "2024-02-04",
        "value": 0.34076317561771574
      },
      {
        "date": "2023-11-06",
        "value": 0.3237250168368299
      }
    ],
    "earnings_dates": [
      "2025-07-28",
      "2025-04-29",
      "2025-01-29",
      "2024-10-31",
      "2024-08-02",
      "2024-05-04",
      "2024-02-04",
      "2023-11-06"
    ]
  },
  "analysis": {
    "avg_revenue_growth": 15.073639612094457,
    "avg_earnings_surprise": 3.4987622345479203,
    "consistency_score": 67,
    "trend_direction": "growing"
  }
}