{
  "ticker": "TSCO",
  "quarters": [
    {
      "date": "2025-07-28",
      "quarter": "Q3 2025",
      "revenue": 2350142361.1196337,
      "earnings": 511115047.3258803,
      "eps_actual": 0.5621467416292834,
      "eps_estimate": 0.5714861927448329,
      "surprise_percent": -1.6342391529517861,
      "price_on_date": 99.72881322906431,
      "revenue_growth": 16.264493167768137,
      "earnings_growth": 14.36308523259826
    },
    {
      "date": "2025-04-29",
      "quarter": "Q2 2025",
      "revenue": 2232635243.063652,
      "earnings": 485559294.95958626,
      "eps_actual": 0.5340394045478192,
      "eps_estimate": 0.5373221818830412,
      "surprise_percent": -0.6109513892982251,
      "price_on_date": 78.6253037803139,
      "revenue_growth": 12.573682908584003,
      "earnings_growth": 13.043691872290687
    },
    {
      "date": "2025-01-29",
      "quarter": "Q1 2025",
      "revenue": 2121003480.9104693,
      "earnings": 461281330.2116069,
      "eps_actual": 0.5073374343204281,
      "eps_estimate": 0.48950500680155773,
      "surprise_percent": 3.6429509956165838,
      "price_on_date": 89.98926854348205,
      "revenue_growth": 17.001950938723695,
      "earnings_growth": 16.795295876123216
    },
    {
      "date": "2024-10-31",
      "quarter": "Q4 2024",
      "revenue": 2014953306.8649457,
      "earnings": 438217263.7010265,
      "eps_actual": 0.4819705626044067,
      "eps_estimate": 0.47766860622017154,
      "surprise_percent": 0.9006152651054151,
      "price_on_date": 83.29776624801706,
      "revenue_growth": 17.364250916444043,
      "earnings_growth": 17.205319523718217
    },
    {
      "date": "2024-08-02",
      "quarter": "Q3 2024",
      "revenue": 1914205641.5216982,
      "earnings": 416306400.5159752,
      "eps_actual": 0.45787203447418634,
      "eps_estimate": 0.44260895892924584,
      "surprise_percent": 3.448433484461033,
      "price_on_date": 69.25669068594648,
      "revenue_growth": 14.07131558223267,
      "earnings_growth": 14.75042375873841
    },
    {
      "date": "2024-05-04",
      "quarter": "Q2 2024",
      "revenue": 1818495359.4456131,
      "earnings": 395491080.4901764,
      "eps_actual": 0.434978432750477,
      "eps_estimate": 0.4368011149973054,
      "surprise_percent": -0.4172796689952714,
      "price_on_date": 76.33789400538981,
      "revenue_growth": 15.337724592680365,
      "earnings_growth": 12.395105415337218
    },
    {
      "date": "2024-02-04",
      "quarter": "Q1 2024",
      "revenue": 1727570591.4733326,
      "earnings": 375716526.4656676,
      "eps_actual": 0.4132295111129532,
      "eps_estimate": 0.414945072878372,
      "surprise_percent": -0.4134430982680155,
      "price_on_date": 66.4038202313339,
      "revenue_growth": 13.865375134736345,
      "earnings_growth": 10.83771377830773
    },
    {
      "date": "2023-11-06",
      "quarter": "Q4 2023",
      "revenue": 1641192061.8996658,
      "earnings": 356930700.1423842,
      "eps_actual": 0.39256803555730546,
      "eps_estimate": 0.38473813374978305,
      "surprise_percent": 2.0351249644036162,
      "price_on_date": 58.43092252297931,
      "revenue_growth": 14.116835747665837,
      "earnings_growth": 12.53232863319937
    }
  ],
  "metrics": {
    "revenue_trend": [
      {
        "date": "2025-07-28",
        "value": 2350142361.1196337
      },
      {
        "date": "2025-04-29",
        "value": 2232635243.063652
      },
      {
        "date": "2025-01-29",
        "value": 2121003480.9104693
      },
      {
        "date": "2024-10-31",
        "value": 2014953306.8649457
      },
      {
        "date": "2024-08-02",
        "value": 1914205641.5216982
      },
      {
        "date": "2024-05-04",
        "value": 1818495359.4456131
      },
      {
        "date": "2024-02-04",
        "value": 1727570591.4733326
      },
      {
        "date": "2023-11-06",
        "value": 1641192061.8996658
      }
    ],
    "eps_trend": [
      {
        "date": "2025-07-28",
        "value": 0.5621467416292834
      },
      {
        "date": "2025-04-29",
        "value": 0.5340394045478192
      },
      {
        "date": "2025-01-29",
        "value": 0.5073374343204281
      },
      {
        "date": "2024-10-31",
        "value": 0.4819705626044067
      },
      {
        "date": "2024-08-02",
        "value": 0.45787203447418634
      },
      {
        "date": "2024-05-04",
        "value": 0.434978432750477
      },
      {
        "date": "2024-02-04",
        "value": 0.4132295111129532
      },
      {
        "date": "2023-11-06",
        "value": 0.39256803555730546
      }
    ],
    "earnings_dates": [
      "2025-07-28",
      "2025-04-29",
      "2025-01-29",
      "2024-10-31",
      "2024-08-02",
      "2024-05-04",
      "2024-02-04",
      "2023-11-06"
    ]
  },
  "analysis": {
    "avg_revenue_growth": 15.80109448287997,
    "avg_earnings_surprise": 0.5745939296179969,
    "consistency_score": 72,
    "trend_direction": "growing"
  }
}