{
  "ticker": "TSLA",
  "quarters": [
    {
      "date": "2025-07-28",
      "quarter": "Q3 2025",
      "revenue": 119068661543.04013,
      "earnings": 1370412252.2692034,
      "eps_actual": 0.9465397544814204,
      "eps_estimate": 0.9100639752442718,
      "surprise_percent": 4.0080456132062565,
      "price_on_date": 1334.818844711543,
      "revenue_growth": 22.512191424481006,
      "earnings_growth": 21.561545100552436
    },
    {
      "date": "2025-04-29",
      "quarter": "Q2 2025",
      "revenue": 113115228465.88812,
      "earnings": 1301891639.6557431,
      "eps_actual": 0.8992127667573493,
      "eps_estimate": 0.8843279562536794,
      "surprise_percent": 1.6831776490168968,
      "price_on_date": 1142.8343639632149,
      "revenue_growth": 22.43066377706504,
      "earnings_growth": 21.084634633405766
    },
    {
      "date": "2025-01-29",
      "quarter": "Q1 2025",
      "revenue": 107459467042.59372,
      "earnings": 1236797057.672956,
      "eps_actual": 0.8542521284194818,
      "eps_estimate": 0.8443953987753684,
      "surprise_percent": 1.16731209791156,
      "price_on_date": 1021.4748192128734,
      "revenue_growth": 17.94055591951402,
      "earnings_growth": 18.26918798326905
    },
    {
      "date": "2024-10-31",
      "quarter": "Q4 2024",
      "revenue": 102086493690.46402,
      "earnings": 1174957204.789308,
      "eps_actual": 0.8115395219985077,
      "eps_estimate": 0.7816926491329945,
      "surprise_percent": 3.818236348853664,
      "price_on_date": 1081.984357706955,
      "revenue_growth": 21.738844961045167,
      "earnings_growth": 24.05028078630885
    },
    {
      "date": "2024-08-02",
      "quarter": "Q3 2024",
      "revenue": 96982169005.94081,
      "earnings": 1116209344.5498426,
      "eps_actual": 0.7709625458985823,
      "eps_estimate": 0.7653100990085562,
      "surprise_percent": 0.7385825559271617,
      "price_on_date": 898.385493521633,
      "revenue_growth": 25.461581077866285,
      "earnings_growth": 22.301303349929135
    },
    {
      "date": "2024-05-04",
      "quarter": "Q2 2024",
      "revenue": 92133060555.64377,
      "earnings": 1060398877.3223505,
      "eps_actual": 0.7324144186036531,
      "eps_estimate": 0.727016072981366,
      "surprise_percent": 0.7425345632524277,
      "price_on_date": 971.2812383489844,
      "revenue_growth": 24.71273413828422,
      "earnings_growth": 23.827051551653412
    },
    {
      "date": "2024-02-04",
      "quarter": "Q1 2024",
      "revenue": 87526407527.86157,
      "earnings": 1007378933.4562329,
      "eps_actual": 0.6957936976734704,
      "eps_estimate": 0.6896885219906377,
      "surprise_percent": 0.8852076681240795,
      "price_on_date": 897.6518699016916,
      "revenue_growth": 19.25511863230412,
      "earnings_growth": 28.402975128450112
    },
    {
      "date": "2023-11-06",
      "quarter": "Q4 2023",
      "revenue": 83150087151.46849,
      "earnings": 957009986.7834212,
      "eps_actual": 0.6610040127897968,
      "eps_estimate": 0.6522646275976283,
      "surprise_percent": 1.3398526951180518,
      "price_on_date": 823.0941300790834,
      "revenue_growth": 19.071159572876613,
      "earnings_growth": 17.186946692646767
    }
  ],
  "metrics": {
    "revenue_trend": [
      {
        "date": "2025-07-28",
        "value": 119068661543.04013
      },
      {
        "date": "2025-04-29",
        "value": 113115228465.88812
      },
      {
        "date": "2025-01-29",
        "value": 107459467042.59372
      },
      {
        "date": "2024-10-31",
        "value": 102086493690.46402
      },
      {
        "date": "2024-08-02",
        "value": 96982169005.94081
      },
      {
        "date": "2024-05-04",
        "value": 92133060555.64377
      },
      {
        "date": "2024-02-04",
        "value": 87526407527.86157
      },
      {
        "date": "2023-11-06",
        "value": 83150087151.46849
      }
    ],
    "eps_trend": [
      {
        "date": "2025-07-28",
        "value": 0.9465397544814204
      },
      {
        "date": "2025-04-29",
        "value": 0.8992127667573493
      },
      {
        "date": "2025-01-29",
        "value": 0.8542521284194818
      },
      {
        "date": "2024-10-31",
        "value": 0.8115395219985077
      },
      {
        "date": "2024-08-02",
        "value": 0.7709625458985823
      },
      {
        "date": "2024-05-04",
        "value": 0.7324144186036531
      },
      {
        "date": "2024-02-04",
        "value": 0.6957936976734704
      },
      {
        "date": "2023-11-06",
        "value": 0.6610040127897968
      }
    ],
    "earnings_dates": [
      "2025-07-28",
      "2025-04-29",
      "2025-01-29",
      "2024-10-31",
      "2024-08-02",
      "2024-05-04",
      "2024-02-04",
      "2023-11-06"
    ]
  },
  "analysis": {
    "avg_revenue_growth": 21.155564020526306,
    "avg_earnings_surprise": 2.669192927247094,
    "consistency_score": 82,
    "trend_direction": "growing"
  }
}