{
  "ticker": "TSN",
  "quarters": [
    {
      "date": "2025-07-28",
      "quarter": "Q3 2025",
      "revenue": 1512626132.0911996,
      "earnings": 66821291.93899352,
      "eps_actual": 0.22303227595441405,
      "eps_estimate": 0.21495273592330555,
      "surprise_percent": 3.7587518932493396,
      "price_on_date": 166.7350299344204,
      "revenue_growth": 14.518504315480346,
      "earnings_growth": 12.077355396580169
    },
    {
      "date": "2025-04-29",
      "quarter": "Q2 2025",
      "revenue": 1436994825.4866395,
      "earnings": 63480227.34204384,
      "eps_actual": 0.21188066215669332,
      "eps_estimate": 0.2126450999588966,
      "surprise_percent": -0.35948996819162315,
      "price_on_date": 167.9516951958987,
      "revenue_growth": 15.303945637012614,
      "earnings_growth": 18.920301763482126
    },
    {
      "date": "2025-01-29",
      "quarter": "Q1 2025",
      "revenue": 1365145084.2123077,
      "earnings": 60306215.974941656,
      "eps_actual": 0.2012866290488587,
      "eps_estimate": 0.19693508444529623,
      "surprise_percent": 2.2096340100187764,
      "price_on_date": 140.95929354776075,
      "revenue_growth": 14.917524134006893,
      "earnings_growth": 13.406872372350376
    },
    {
      "date": "2024-10-31",
      "quarter": "Q4 2024",
      "revenue": 1296887830.001692,
      "earnings": 57290905.176194556,
      "eps_actual": 0.1912222975964157,
      "eps_estimate": 0.1890400605089468,
      "surprise_percent": 1.1543781151961792,
      "price_on_date": 140.76523883574222,
      "revenue_growth": 17.999627718196145,
      "earnings_growth": 19.912249043267703
    },
    {
      "date": "2024-08-02",
      "quarter": "Q3 2024",
      "revenue": 1232043438.5016074,
      "earnings": 54426359.91738483,
      "eps_actual": 0.18166118271659493,
      "eps_estimate": 0.17430208678130985,
      "surprise_percent": 4.22203547368785,
      "price_on_date": 136.54844252764957,
      "revenue_growth": 16.85644834627089,
      "earnings_growth": 19.736649629874872
    },
    {
      "date": "2024-05-04",
      "quarter": "Q2 2024",
      "revenue": 1170441266.5765269,
      "earnings": 51705041.921515584,
      "eps_actual": 0.17257812358076516,
      "eps_estimate": 0.1744662702251737,
      "surprise_percent": -1.0822416516221791,
      "price_on_date": 139.33347726083971,
      "revenue_growth": 14.426095265648645,
      "earnings_growth": 16.656834535006194
    },
    {
      "date": "2024-02-04",
      "quarter": "Q1 2024",
      "revenue": 1111919203.2477007,
      "earnings": 49119789.82543981,
      "eps_actual": 0.1639492174017269,
      "eps_estimate": 0.15916138386141074,
      "surprise_percent": 3.008162799391819,
      "price_on_date": 136.63423140968135,
      "revenue_growth": 19.14589353422684,
      "earnings_growth": 20.172097581624786
    },
    {
      "date": "2023-11-06",
      "quarter": "Q4 2023",
      "revenue": 1056323243.0853155,
      "earnings": 46663800.33416781,
      "eps_actual": 0.15575175653164053,
      "eps_estimate": 0.15208610202329859,
      "surprise_percent": 2.410249496551886,
      "price_on_date": 123.39758545384167,
      "revenue_growth": 14.709958561878459,
      "earnings_growth": 19.348410538281904
    }
  ],
  "metrics": {
    "revenue_trend": [
      {
        "date": "2025-07-28",
        "value": 1512626132.0911996
      },
      {
        "date": "2025-04-29",
        "value": 1436994825.4866395
      },
      {
        "date": "2025-01-29",
        "value": 1365145084.2123077
      },
      {
        "date": "2024-10-31",
        "value": 1296887830.001692
      },
      {
        "date": "2024-08-02",
        "value": 1232043438.5016074
      },
      {
        "date": "2024-05-04",
        "value": 1170441266.5765269
      },
      {
        "date": "2024-02-04",
        "value": 1111919203.2477007
      },
      {
        "date": "2023-11-06",
        "value": 1056323243.0853155
      }
    ],
    "eps_trend": [
      {
        "date": "2025-07-28",
        "value": 0.22303227595441405
      },
      {
        "date": "2025-04-29",
        "value": 0.21188066215669332
      },
      {
        "date": "2025-01-29",
        "value": 0.2012866290488587
      },
      {
        "date": "2024-10-31",
        "value": 0.1912222975964157
      },
      {
        "date": "2024-08-02",
        "value": 0.18166118271659493
      },
      {
        "date": "2024-05-04",
        "value": 0.17257812358076516
      },
      {
        "date": "2024-02-04",
        "value": 0.1639492174017269
      },
      {
        "date": "2023-11-06",
        "value": 0.15575175653164053
      }
    ],
    "earnings_dates": [
      "2025-07-28",
      "2025-04-29",
      "2025-01-29",
      "2024-10-31",
      "2024-08-02",
      "2024-05-04",
      "2024-02-04",
      "2023-11-06"
    ]
  },
  "analysis": {
    "avg_revenue_growth": 15.684900451174,
    "avg_earnings_surprise": 1.690818512568168,
    "consistency_score": 62,
    "trend_direction": "growing"
  }
}