{
  "ticker": "TT",
  "quarters": [
    {
      "date": "2025-07-28",
      "quarter": "Q3 2025",
      "revenue": 1276521553.9005344,
      "earnings": 70999776.71789043,
      "eps_actual": 0.6096899204991845,
      "eps_estimate": 0.6061867068355664,
      "surprise_percent": 0.5779100109115941,
      "price_on_date": 89.10679821241906,
      "revenue_growth": -0.07722356177685175,
      "earnings_growth": -0.07356750775889477
    },
    {
      "date": "2025-04-29",
      "quarter": "Q2 2025",
      "revenue": 1212695476.2055075,
      "earnings": 67449787.8819959,
      "eps_actual": 0.5792054244742252,
      "eps_estimate": 0.5858879751526694,
      "surprise_percent": -1.1405850541143006,
      "price_on_date": 75.98365811220702,
      "revenue_growth": -0.08915159735361981,
      "earnings_growth": -0.08450448625251857
    },
    {
      "date": "2025-01-29",
      "quarter": "Q1 2025",
      "revenue": 1152060702.3952322,
      "earnings": 64077298.48789611,
      "eps_actual": 0.5502451532505139,
      "eps_estimate": 0.5396751148287349,
      "surprise_percent": 1.9585928888222772,
      "price_on_date": 73.83470966494409,
      "revenue_growth": -0.06760378204058305,
      "earnings_growth": -0.06547609753028524
    },
    {
      "date": "2024-10-31",
      "quarter": "Q4 2024",
      "revenue": 1094457667.2754705,
      "earnings": 60873433.5635013,
      "eps_actual": 0.5227328955879883,
      "eps_estimate": 0.5316627664029127,
      "surprise_percent": -1.679611847815009,
      "price_on_date": 65.76908136063759,
      "revenue_growth": -0.06781416393967657,
      "earnings_growth": -0.10199235839187969
    },
    {
      "date": "2024-08-02",
      "quarter": "Q3 2024",
      "revenue": 1039734783.911697,
      "earnings": 57829761.88532624,
      "eps_actual": 0.4965962508085889,
      "eps_estimate": 0.47269496609221545,
      "surprise_percent": 5.056386555999553,
      "price_on_date": 60.82579559886033,
      "revenue_growth": -0.08034265426027322,
      "earnings_growth": -0.07088545469284797
    },
    {
      "date": "2024-05-04",
      "quarter": "Q2 2024",
      "revenue": 987748044.716112,
      "earnings": 54938273.79105991,
      "eps_actual": 0.4717664382681593,
      "eps_estimate": 0.4536380974371756,
      "surprise_percent": 3.996212164145735,
      "price_on_date": 67.2984868584763,
      "revenue_growth": -0.07618641010219396,
      "earnings_growth": -0.05805005435513523
    },
    {
      "date": "2024-02-04",
      "quarter": "Q1 2024",
      "revenue": 938360642.4803064,
      "earnings": 52191360.10150692,
      "eps_actual": 0.44817811635475135,
      "eps_estimate": 0.4308692994333069,
      "surprise_percent": 4.017185012765958,
      "price_on_date": 54.84519400139192,
      "revenue_growth": -0.08767297221218663,
      "earnings_growth": -0.05971332660183937
    },
    {
      "date": "2023-11-06",
      "quarter": "Q4 2023",
      "revenue": 891442610.3562909,
      "earnings": 49581792.09643156,
      "eps_actual": 0.4257692105370137,
      "eps_estimate": 0.42607383872760024,
      "surprise_percent": -0.07149657240074683,
      "price_on_date": 58.97458083660735,
      "revenue_growth": -0.07176741054371488,
      "earnings_growth": -0.09191772177136433
    }
  ],
  "metrics": {
    "revenue_trend": [
      {
        "date": "2025-07-28",
        "value": 1276521553.9005344
      },
      {
        "date": "2025-04-29",
        "value": 1212695476.2055075
      },
      {
        "date": "2025-01-29",
        "value": 1152060702.3952322
      },
      {
        "date": "2024-10-31",
        "value": 1094457667.2754705
      },
      {
        "date": "2024-08-02",
        "value": 1039734783.911697
      },
      {
        "date": "2024-05-04",
        "value": 987748044.716112
      },
      {
        "date": "2024-02-04",
        "value": 938360642.4803064
      },
      {
        "date": "2023-11-06",
        "value": 891442610.3562909
      }
    ],
    "eps_trend": [
      {
        "date": "2025-07-28",
        "value": 0.6096899204991845
      },
      {
        "date": "2025-04-29",
        "value": 0.5792054244742252
      },
      {
        "date": "2025-01-29",
        "value": 0.5502451532505139
      },
      {
        "date": "2024-10-31",
        "value": 0.5227328955879883
      },
      {
        "date": "2024-08-02",
        "value": 0.4965962508085889
      },
      {
        "date": "2024-05-04",
        "value": 0.4717664382681593
      },
      {
        "date": "2024-02-04",
        "value": 0.44817811635475135
      },
      {
        "date": "2023-11-06",
        "value": 0.4257692105370137
      }
    ],
    "earnings_dates": [
      "2025-07-28",
      "2025-04-29",
      "2025-01-29",
      "2024-10-31",
      "2024-08-02",
      "2024-05-04",
      "2024-02-04",
      "2023-11-06"
    ]
  },
  "analysis": {
    "avg_revenue_growth": -0.0754482762776828,
    "avg_earnings_surprise": -0.0709235005488596,
    "consistency_score": 64,
    "trend_direction": "stable"
  }
}