{
  "ticker": "TTD",
  "quarters": [
    {
      "date": "2025-07-28",
      "quarter": "Q3 2025",
      "revenue": 1903067599.8382542,
      "earnings": 322760401.75148207,
      "eps_actual": 0.14308346093821606,
      "eps_estimate": 0.1402301285460638,
      "surprise_percent": 2.034749894146311,
      "price_on_date": 19.984213570428203,
      "revenue_growth": 27.595633063800108,
      "earnings_growth": 29.58967992334586
    },
    {
      "date": "2025-04-29",
      "quarter": "Q2 2025",
      "revenue": 1807914219.8463414,
      "earnings": 306622381.66390795,
      "eps_actual": 0.13592928789130526,
      "eps_estimate": 0.13310060605939852,
      "surprise_percent": 2.1252208503426258,
      "price_on_date": 21.374480505764016,
      "revenue_growth": 28.31856962080023,
      "earnings_growth": 31.43365114368624
    },
    {
      "date": "2025-01-29",
      "quarter": "Q1 2025",
      "revenue": 1717518508.8540244,
      "earnings": 291291262.58071256,
      "eps_actual": 0.12913282349674,
      "eps_estimate": 0.13008410390730343,
      "surprise_percent": -0.7312810574006149,
      "price_on_date": 17.90464578817756,
      "revenue_growth": 30.245065116359488,
      "earnings_growth": 32.644183682599575
    },
    {
      "date": "2024-10-31",
      "quarter": "Q4 2024",
      "revenue": 1631642583.411323,
      "earnings": 276726699.4516769,
      "eps_actual": 0.12267618232190299,
      "eps_estimate": 0.12061353032454307,
      "surprise_percent": 1.7101331764436352,
      "price_on_date": 18.95846531732044,
      "revenue_growth": 29.8271204116505,
      "earnings_growth": 23.33830577192759
    },
    {
      "date": "2024-08-02",
      "quarter": "Q3 2024",
      "revenue": 1550060454.2407568,
      "earnings": 262890364.47909304,
      "eps_actual": 0.11654237320580783,
      "eps_estimate": 0.11473841685993091,
      "surprise_percent": 1.572233952015508,
      "price_on_date": 15.916286383196036,
      "revenue_growth": 23.01929835310597,
      "earnings_growth": 29.04989518383719
    },
    {
      "date": "2024-05-04",
      "quarter": "Q2 2024",
      "revenue": 1472557431.5287187,
      "earnings": 249745846.25513837,
      "eps_actual": 0.11071525454551742,
      "eps_estimate": 0.11123466958507376,
      "surprise_percent": -0.4669542701873934,
      "price_on_date": 15.426335519433092,
      "revenue_growth": 22.849804471285562,
      "earnings_growth": 20.741019254934894
    },
    {
      "date": "2024-02-04",
      "quarter": "Q1 2024",
      "revenue": 1398929559.952283,
      "earnings": 237258553.94238147,
      "eps_actual": 0.10517949181824157,
      "eps_estimate": 0.10467607076035879,
      "surprise_percent": 0.4809323221878455,
      "price_on_date": 13.818955105794121,
      "revenue_growth": 21.135962785486388,
      "earnings_growth": 20.77035545989802
    },
    {
      "date": "2023-11-06",
      "quarter": "Q4 2023",
      "revenue": 1328983081.9546685,
      "earnings": 225395626.24526235,
      "eps_actual": 0.09992051722732948,
      "eps_estimate": 0.10172666799456702,
      "surprise_percent": -1.7754938826208346,
      "price_on_date": 13.606821462968137,
      "revenue_growth": 29.499063416064136,
      "earnings_growth": 32.40143723845283
    }
  ],
  "metrics": {
    "revenue_trend": [
      {
        "date": "2025-07-28",
        "value": 1903067599.8382542
      },
      {
        "date": "2025-04-29",
        "value": 1807914219.8463414
      },
      {
        "date": "2025-01-29",
        "value": 1717518508.8540244
      },
      {
        "date": "2024-10-31",
        "value": 1631642583.411323
      },
      {
        "date": "2024-08-02",
        "value": 1550060454.2407568
      },
      {
        "date": "2024-05-04",
        "value": 1472557431.5287187
      },
      {
        "date": "2024-02-04",
        "value": 1398929559.952283
      },
      {
        "date": "2023-11-06",
        "value": 1328983081.9546685
      }
    ],
    "eps_trend": [
      {
        "date": "2025-07-28",
        "value": 0.14308346093821606
      },
      {
        "date": "2025-04-29",
        "value": 0.13592928789130526
      },
      {
        "date": "2025-01-29",
        "value": 0.12913282349674
      },
      {
        "date": "2024-10-31",
        "value": 0.12267618232190299
      },
      {
        "date": "2024-08-02",
        "value": 0.11654237320580783
      },
      {
        "date": "2024-05-04",
        "value": 0.11071525454551742
      },
      {
        "date": "2024-02-04",
        "value": 0.10517949181824157
      },
      {
        "date": "2023-11-06",
        "value": 0.09992051722732948
      }
    ],
    "earnings_dates": [
      "2025-07-28",
      "2025-04-29",
      "2025-01-29",
      "2024-10-31",
      "2024-08-02",
      "2024-05-04",
      "2024-02-04",
      "2023-11-06"
    ]
  },
  "analysis": {
    "avg_revenue_growth": 28.99659705315258,
    "avg_earnings_surprise": 1.284705715882989,
    "consistency_score": 65,
    "trend_direction": "growing"
  }
}