{
  "ticker": "TTWO",
  "quarters": [
    {
      "date": "2025-07-28",
      "quarter": "Q3 2025",
      "revenue": 659135142.4698064,
      "earnings": 20607316.067949,
      "eps_actual": 0.012474275795849504,
      "eps_estimate": 0.012715467141142378,
      "surprise_percent": -1.8968343248080235,
      "price_on_date": 62.990719906275146,
      "revenue_growth": 0.6136609740821288,
      "earnings_growth": 0.5480922882593059
    },
    {
      "date": "2025-04-29",
      "quarter": "Q2 2025",
      "revenue": 626178385.3463161,
      "earnings": 19576950.26455155,
      "eps_actual": 0.011850562006057028,
      "eps_estimate": 0.011586380378274554,
      "surprise_percent": 2.280104909017462,
      "price_on_date": 62.02765796439155,
      "revenue_growth": 0.5714324759494437,
      "earnings_growth": 0.7249301719009213
    },
    {
      "date": "2025-01-29",
      "quarter": "Q1 2025",
      "revenue": 594869466.0790002,
      "earnings": 18598102.75132397,
      "eps_actual": 0.011258033905754175,
      "eps_estimate": 0.010746761541417179,
      "surprise_percent": 4.757455186537756,
      "price_on_date": 49.82023012453815,
      "revenue_growth": 0.6545012692621969,
      "earnings_growth": 0.6450860751281849
    },
    {
      "date": "2024-10-31",
      "quarter": "Q4 2024",
      "revenue": 565125992.7750502,
      "earnings": 17668197.61375777,
      "eps_actual": 0.010695132210466467,
      "eps_estimate": 0.010296663503160837,
      "surprise_percent": 3.869881803783421,
      "price_on_date": 52.59869431620214,
      "revenue_growth": 0.5907759515118625,
      "earnings_growth": 0.7569085733407385
    },
    {
      "date": "2024-08-02",
      "quarter": "Q3 2024",
      "revenue": 536869693.1362977,
      "earnings": 16784787.73306988,
      "eps_actual": 0.010160375599943143,
      "eps_estimate": 0.009979200452704177,
      "surprise_percent": 1.8155276877905702,
      "price_on_date": 46.35639733238275,
      "revenue_growth": 0.6235096452967491,
      "earnings_growth": 0.6597552664799411
    },
    {
      "date": "2024-05-04",
      "quarter": "Q2 2024",
      "revenue": 510026208.4794827,
      "earnings": 15945548.346416386,
      "eps_actual": 0.009652356819945985,
      "eps_estimate": 0.009267844117982255,
      "surprise_percent": 4.148890476239951,
      "price_on_date": 45.591464334992686,
      "revenue_growth": 0.5186390545309604,
      "earnings_growth": 0.6495807062400224
    },
    {
      "date": "2024-02-04",
      "quarter": "Q1 2024",
      "revenue": 484524898.0555086,
      "earnings": 15148270.929095566,
      "eps_actual": 0.009169738978948684,
      "eps_estimate": 0.009075706396673723,
      "surprise_percent": 1.0360910563328158,
      "price_on_date": 41.27139173826612,
      "revenue_growth": 0.6855670824478048,
      "earnings_growth": 0.4610041722099747
    },
    {
      "date": "2023-11-06",
      "quarter": "Q4 2023",
      "revenue": 460298653.15273315,
      "earnings": 14390857.382640788,
      "eps_actual": 0.00871125203000125,
      "eps_estimate": 0.008787769084608685,
      "surprise_percent": -0.8707221806891853,
      "price_on_date": 45.40342913616768,
      "revenue_growth": 0.6141437681965712,
      "earnings_growth": 0.45025564674776486
    }
  ],
  "metrics": {
    "revenue_trend": [
      {
        "date": "2025-07-28",
        "value": 659135142.4698064
      },
      {
        "date": "2025-04-29",
        "value": 626178385.3463161
      },
      {
        "date": "2025-01-29",
        "value": 594869466.0790002
      },
      {
        "date": "2024-10-31",
        "value": 565125992.7750502
      },
      {
        "date": "2024-08-02",
        "value": 536869693.1362977
      },
      {
        "date": "2024-05-04",
        "value": 510026208.4794827
      },
      {
        "date": "2024-02-04",
        "value": 484524898.0555086
      },
      {
        "date": "2023-11-06",
        "value": 460298653.15273315
      }
    ],
    "eps_trend": [
      {
        "date": "2025-07-28",
        "value": 0.012474275795849504
      },
      {
        "date": "2025-04-29",
        "value": 0.011850562006057028
      },
      {
        "date": "2025-01-29",
        "value": 0.011258033905754175
      },
      {
        "date": "2024-10-31",
        "value": 0.010695132210466467
      },
      {
        "date": "2024-08-02",
        "value": 0.010160375599943143
      },
      {
        "date": "2024-05-04",
        "value": 0.009652356819945985
      },
      {
        "date": "2024-02-04",
        "value": 0.009169738978948684
      },
      {
        "date": "2023-11-06",
        "value": 0.00871125203000125
      }
    ],
    "earnings_dates": [
      "2025-07-28",
      "2025-04-29",
      "2025-01-29",
      "2024-10-31",
      "2024-08-02",
      "2024-05-04",
      "2024-02-04",
      "2023-11-06"
    ]
  },
  "analysis": {
    "avg_revenue_growth": 0.607592667701408,
    "avg_earnings_surprise": 2.252651893632654,
    "consistency_score": 73,
    "trend_direction": "stable"
  }
}