{
  "ticker": "TWLO",
  "quarters": [
    {
      "date": "2025-07-28",
      "quarter": "Q3 2025",
      "revenue": 1319523930.4322445,
      "earnings": 147276349.68270174,
      "eps_actual": 0.09810305660744985,
      "eps_estimate": 0.0943121485349471,
      "surprise_percent": 4.019533147522389,
      "price_on_date": 12.989734617235598,
      "revenue_growth": -3.245114698624584,
      "earnings_growth": -3.3335270705816042
    },
    {
      "date": "2025-04-29",
      "quarter": "Q2 2025",
      "revenue": 1253547733.9106324,
      "earnings": 139912532.19856665,
      "eps_actual": 0.09319790377707735,
      "eps_estimate": 0.09267421586855339,
      "surprise_percent": 0.5650848012210259,
      "price_on_date": 13.866191716309311,
      "revenue_growth": -2.76697686065224,
      "earnings_growth": -4.1472570384362495
    },
    {
      "date": "2025-01-29",
      "quarter": "Q1 2025",
      "revenue": 1190870347.2151008,
      "earnings": 132916905.58863832,
      "eps_actual": 0.08853800858822349,
      "eps_estimate": 0.08918807411663235,
      "surprise_percent": -0.7288704626122601,
      "price_on_date": 12.415676520438229,
      "revenue_growth": -3.8102369633253144,
      "earnings_growth": -3.647518461186438
    },
    {
      "date": "2024-10-31",
      "quarter": "Q4 2024",
      "revenue": 1131326829.8543456,
      "earnings": 126271060.30920638,
      "eps_actual": 0.0841111081588123,
      "eps_estimate": 0.0802566994833854,
      "surprise_percent": 4.8026005308439474,
      "price_on_date": 12.970962981741597,
      "revenue_growth": -3.001707706876107,
      "earnings_growth": -2.968641448729946
    },
    {
      "date": "2024-08-02",
      "quarter": "Q3 2024",
      "revenue": 1074760488.3616283,
      "earnings": 119957507.29374607,
      "eps_actual": 0.07990555275087169,
      "eps_estimate": 0.08123444812854234,
      "surprise_percent": -1.63587666105377,
      "price_on_date": 11.513128095388371,
      "revenue_growth": -3.3275250971222303,
      "earnings_growth": -2.935567762355822
    },
    {
      "date": "2024-05-04",
      "quarter": "Q2 2024",
      "revenue": 1021022463.9435467,
      "earnings": 113959631.92905873,
      "eps_actual": 0.07591027511332808,
      "eps_estimate": 0.0762159045077906,
      "surprise_percent": -0.4010047462354517,
      "price_on_date": 10.622302331399657,
      "revenue_growth": -2.6922633697923466,
      "earnings_growth": -3.2352374400348154
    },
    {
      "date": "2024-02-04",
      "quarter": "Q1 2024",
      "revenue": 969971340.7463694,
      "earnings": 108261650.33260581,
      "eps_actual": 0.07211476135766169,
      "eps_estimate": 0.07066212785673569,
      "surprise_percent": 2.055745482036931,
      "price_on_date": 10.5869424096337,
      "revenue_growth": -3.5042779311812065,
      "earnings_growth": -3.131610678811674
    },
    {
      "date": "2023-11-06",
      "quarter": "Q4 2023",
      "revenue": 921472773.7090508,
      "earnings": 102848567.8159755,
      "eps_actual": 0.06850902328977859,
      "eps_estimate": 0.06822448953654849,
      "surprise_percent": 0.41705515887763356,
      "price_on_date": 10.225810210855139,
      "revenue_growth": -2.8404664818447047,
      "earnings_growth": -4.070815257076415
    }
  ],
  "metrics": {
    "revenue_trend": [
      {
        "date": "2025-07-28",
        "value": 1319523930.4322445
      },
      {
        "date": "2025-04-29",
        "value": 1253547733.9106324
      },
      {
        "date": "2025-01-29",
        "value": 1190870347.2151008
      },
      {
        "date": "2024-10-31",
        "value": 1131326829.8543456
      },
      {
        "date": "2024-08-02",
        "value": 1074760488.3616283
      },
      {
        "date": "2024-05-04",
        "value": 1021022463.9435467
      },
      {
        "date": "2024-02-04",
        "value": 969971340.7463694
      },
      {
        "date": "2023-11-06",
        "value": 921472773.7090508
      }
    ],
    "eps_trend": [
      {
        "date": "2025-07-28",
        "value": 0.09810305660744985
      },
      {
        "date": "2025-04-29",
        "value": 0.09319790377707735
      },
      {
        "date": "2025-01-29",
        "value": 0.08853800858822349
      },
      {
        "date": "2024-10-31",
        "value": 0.0841111081588123
      },
      {
        "date": "2024-08-02",
        "value": 0.07990555275087169
      },
      {
        "date": "2024-05-04",
        "value": 0.07591027511332808
      },
      {
        "date": "2024-02-04",
        "value": 0.07211476135766169
      },
      {
        "date": "2023-11-06",
        "value": 0.06850902328977859
      }
    ],
    "earnings_dates": [
      "2025-07-28",
      "2025-04-29",
      "2025-01-29",
      "2024-10-31",
      "2024-08-02",
      "2024-05-04",
      "2024-02-04",
      "2023-11-06"
    ]
  },
  "analysis": {
    "avg_revenue_growth": -3.2060090573695614,
    "avg_earnings_surprise": 2.1645870042437756,
    "consistency_score": 91,
    "trend_direction": "stable"
  }
}