{
  "ticker": "TXN",
  "quarters": [
    {
      "date": "2025-07-28",
      "quarter": "Q3 2025",
      "revenue": 1488169450.7061336,
      "earnings": 63255029.712224506,
      "eps_actual": 0.01636488049014829,
      "eps_estimate": 0.01572031204044833,
      "surprise_percent": 4.100226815100656,
      "price_on_date": 17.403007885143218,
      "revenue_growth": 41.75872031551629,
      "earnings_growth": 42.26617358185604
    },
    {
      "date": "2025-04-29",
      "quarter": "Q2 2025",
      "revenue": 1413760978.170827,
      "earnings": 60092278.22661328,
      "eps_actual": 0.015546636465640876,
      "eps_estimate": 0.015373814617622715,
      "surprise_percent": 1.1241312082692771,
      "price_on_date": 17.152775504286065,
      "revenue_growth": 34.045868574701224,
      "earnings_growth": 41.160423878927084
    },
    {
      "date": "2025-01-29",
      "quarter": "Q1 2025",
      "revenue": 1343072929.2622855,
      "earnings": 57087664.31528261,
      "eps_actual": 0.01476930464235883,
      "eps_estimate": 0.014242029777677398,
      "surprise_percent": 3.7022452060019515,
      "price_on_date": 16.781283553044766,
      "revenue_growth": 36.33655280539464,
      "earnings_growth": 35.14251665243524
    },
    {
      "date": "2024-10-31",
      "quarter": "Q4 2024",
      "revenue": 1275919282.7991712,
      "earnings": 54233281.099518485,
      "eps_actual": 0.01403083941024089,
      "eps_estimate": 0.013660892086581848,
      "surprise_percent": 2.7080758805086744,
      "price_on_date": 15.594299910277133,
      "revenue_growth": 43.53186946063951,
      "earnings_growth": 36.86574295375375
    },
    {
      "date": "2024-08-02",
      "quarter": "Q3 2024",
      "revenue": 1212123318.6592126,
      "earnings": 51521617.04454256,
      "eps_actual": 0.013329297439728844,
      "eps_estimate": 0.012690516528397448,
      "surprise_percent": 5.033529643194601,
      "price_on_date": 14.349366236460682,
      "revenue_growth": 33.36805095976085,
      "earnings_growth": 42.659819563490316
    },
    {
      "date": "2024-05-04",
      "quarter": "Q2 2024",
      "revenue": 1151517152.7262518,
      "earnings": 48945536.19231542,
      "eps_actual": 0.012662832567742399,
      "eps_estimate": 0.012297017229994704,
      "surprise_percent": 2.9748298380472558,
      "price_on_date": 13.847412328803111,
      "revenue_growth": 43.97041847575413,
      "earnings_growth": 32.56417376491366
    },
    {
      "date": "2024-02-04",
      "quarter": "Q1 2024",
      "revenue": 1093941295.089939,
      "earnings": 46498259.382699646,
      "eps_actual": 0.012029690939355278,
      "eps_estimate": 0.011580249622041868,
      "surprise_percent": 3.88110215221909,
      "price_on_date": 14.005711363784474,
      "revenue_growth": 41.01169187860879,
      "earnings_growth": 44.4880786517804
    },
    {
      "date": "2023-11-06",
      "quarter": "Q4 2023",
      "revenue": 1039244230.3354421,
      "earnings": 44173346.41356466,
      "eps_actual": 0.011428206392387513,
      "eps_estimate": 0.011629418644585948,
      "surprise_percent": -1.7302004369075572,
      "price_on_date": 12.974552829655318,
      "revenue_growth": 39.16458622947425,
      "earnings_growth": 29.476280378090784
    }
  ],
  "metrics": {
    "revenue_trend": [
      {
        "date": "2025-07-28",
        "value": 1488169450.7061336
      },
      {
        "date": "2025-04-29",
        "value": 1413760978.170827
      },
      {
        "date": "2025-01-29",
        "value": 1343072929.2622855
      },
      {
        "date": "2024-10-31",
        "value": 1275919282.7991712
      },
      {
        "date": "2024-08-02",
        "value": 1212123318.6592126
      },
      {
        "date": "2024-05-04",
        "value": 1151517152.7262518
      },
      {
        "date": "2024-02-04",
        "value": 1093941295.089939
      },
      {
        "date": "2023-11-06",
        "value": 1039244230.3354421
      }
    ],
    "eps_trend": [
      {
        "date": "2025-07-28",
        "value": 0.01636488049014829
      },
      {
        "date": "2025-04-29",
        "value": 0.015546636465640876
      },
      {
        "date": "2025-01-29",
        "value": 0.01476930464235883
      },
      {
        "date": "2024-10-31",
        "value": 0.01403083941024089
      },
      {
        "date": "2024-08-02",
        "value": 0.013329297439728844
      },
      {
        "date": "2024-05-04",
        "value": 0.012662832567742399
      },
      {
        "date": "2024-02-04",
        "value": 0.012029690939355278
      },
      {
        "date": "2023-11-06",
        "value": 0.011428206392387513
      }
    ],
    "earnings_dates": [
      "2025-07-28",
      "2025-04-29",
      "2025-01-29",
      "2024-10-31",
      "2024-08-02",
      "2024-05-04",
      "2024-02-04",
      "2023-11-06"
    ]
  },
  "analysis": {
    "avg_revenue_growth": 38.91825278906292,
    "avg_earnings_surprise": 2.9086697774701396,
    "consistency_score": 65,
    "trend_direction": "growing"
  }
}