{
  "ticker": "TXT",
  "quarters": [
    {
      "date": "2025-07-28",
      "quarter": "Q3 2025",
      "revenue": 1061341972.0658854,
      "earnings": 67886229.57403971,
      "eps_actual": 0.014728469222954796,
      "eps_estimate": 0.014779493927535348,
      "surprise_percent": -0.3452398629528789,
      "price_on_date": 15.79597349685116,
      "revenue_growth": 13.9438249866925,
      "earnings_growth": 9.705637994827638
    },
    {
      "date": "2025-04-29",
      "quarter": "Q2 2025",
      "revenue": 1008274873.462591,
      "earnings": 64491918.09533772,
      "eps_actual": 0.013992045761807055,
      "eps_estimate": 0.013355070489079121,
      "surprise_percent": 4.769538829831031,
      "price_on_date": 14.179547078928447,
      "revenue_growth": 13.53745405109772,
      "earnings_growth": 11.903348017950206
    },
    {
      "date": "2025-01-29",
      "quarter": "Q1 2025",
      "revenue": 957861129.7894616,
      "earnings": 61267322.19057084,
      "eps_actual": 0.013292443473716704,
      "eps_estimate": 0.013200033752759029,
      "surprise_percent": 0.7000718535159822,
      "price_on_date": 15.440835256520414,
      "revenue_growth": 14.283427472734019,
      "earnings_growth": 10.197740385075432
    },
    {
      "date": "2024-10-31",
      "quarter": "Q4 2024",
      "revenue": 909968073.2999884,
      "earnings": 58203956.08104229,
      "eps_actual": 0.012627821300030867,
      "eps_estimate": 0.012228633081012085,
      "surprise_percent": 3.2643731836113283,
      "price_on_date": 14.817355628876149,
      "revenue_growth": 13.521719469777144,
      "earnings_growth": 11.105770252430693
    },
    {
      "date": "2024-08-02",
      "quarter": "Q3 2024",
      "revenue": 864469669.6349889,
      "earnings": 55293758.27699017,
      "eps_actual": 0.011996430235029323,
      "eps_estimate": 0.011398479685607905,
      "surprise_percent": 5.245879853401941,
      "price_on_date": 13.87194533343343,
      "revenue_growth": 14.461403597083674,
      "earnings_growth": 11.335408182499176
    },
    {
      "date": "2024-05-04",
      "quarter": "Q2 2024",
      "revenue": 821246186.1532394,
      "earnings": 52529070.36314066,
      "eps_actual": 0.011396608723277855,
      "eps_estimate": 0.010950978690065496,
      "surprise_percent": 4.069316960835887,
      "price_on_date": 11.900749005978204,
      "revenue_growth": 12.645397474077747,
      "earnings_growth": 12.029472427522123
    },
    {
      "date": "2024-02-04",
      "quarter": "Q1 2024",
      "revenue": 780183876.8455775,
      "earnings": 49902616.84498363,
      "eps_actual": 0.010826778287113963,
      "eps_estimate": 0.010870776625414545,
      "surprise_percent": -0.40473960432338585,
      "price_on_date": 11.054610119377164,
      "revenue_growth": 13.75758446616518,
      "earnings_growth": 15.818425624634756
    },
    {
      "date": "2023-11-06",
      "quarter": "Q4 2023",
      "revenue": 741174683.0032985,
      "earnings": 47407486.00273444,
      "eps_actual": 0.010285439372758264,
      "eps_estimate": 0.010102677599439643,
      "surprise_percent": 1.8090429148086253,
      "price_on_date": 12.034234238555003,
      "revenue_growth": 10.398899218305948,
      "earnings_growth": 12.977315857976963
    }
  ],
  "metrics": {
    "revenue_trend": [
      {
        "date": "2025-07-28",
        "value": 1061341972.0658854
      },
      {
        "date": "2025-04-29",
        "value": 1008274873.462591
      },
      {
        "date": "2025-01-29",
        "value": 957861129.7894616
      },
      {
        "date": "2024-10-31",
        "value": 909968073.2999884
      },
      {
        "date": "2024-08-02",
        "value": 864469669.6349889
      },
      {
        "date": "2024-05-04",
        "value": 821246186.1532394
      },
      {
        "date": "2024-02-04",
        "value": 780183876.8455775
      },
      {
        "date": "2023-11-06",
        "value": 741174683.0032985
      }
    ],
    "eps_trend": [
      {
        "date": "2025-07-28",
        "value": 0.014728469222954796
      },
      {
        "date": "2025-04-29",
        "value": 0.013992045761807055
      },
      {
        "date": "2025-01-29",
        "value": 0.013292443473716704
      },
      {
        "date": "2024-10-31",
        "value": 0.012627821300030867
      },
      {
        "date": "2024-08-02",
        "value": 0.011996430235029323
      },
      {
        "date": "2024-05-04",
        "value": 0.011396608723277855
      },
      {
        "date": "2024-02-04",
        "value": 0.010826778287113963
      },
      {
        "date": "2023-11-06",
        "value": 0.010285439372758264
      }
    ],
    "earnings_dates": [
      "2025-07-28",
      "2025-04-29",
      "2025-01-29",
      "2024-10-31",
      "2024-08-02",
      "2024-05-04",
      "2024-02-04",
      "2023-11-06"
    ]
  },
  "analysis": {
    "avg_revenue_growth": 13.821606495075345,
    "avg_earnings_surprise": 2.0971860010013654,
    "consistency_score": 91,
    "trend_direction": "growing"
  }
}