{
  "ticker": "TYL",
  "quarters": [
    {
      "date": "2025-07-28",
      "quarter": "Q3 2025",
      "revenue": 543257667.4304523,
      "earnings": 47204485.36279286,
      "eps_actual": 0.036611612683259416,
      "eps_estimate": 0.03704921920590813,
      "surprise_percent": -1.1811491092879287,
      "price_on_date": 29.26534544121367,
      "revenue_growth": 32.02743791063473,
      "earnings_growth": 37.8230177842766
    },
    {
      "date": "2025-04-29",
      "quarter": "Q2 2025",
      "revenue": 516094784.0589297,
      "earnings": 44844261.09465321,
      "eps_actual": 0.03478103204909644,
      "eps_estimate": 0.034905877206351396,
      "surprise_percent": -0.35766228282107443,
      "price_on_date": 29.10690685270694,
      "revenue_growth": 41.76242603293235,
      "earnings_growth": 41.74123488300911
    },
    {
      "date": "2025-01-29",
      "quarter": "Q1 2025",
      "revenue": 490290044.8559832,
      "earnings": 42602048.039920546,
      "eps_actual": 0.03304198044664162,
      "eps_estimate": 0.032054497108932205,
      "surprise_percent": 3.0806389953759226,
      "price_on_date": 29.76537907618544,
      "revenue_growth": 31.983336907902377,
      "earnings_growth": 33.629320944421195
    },
    {
      "date": "2024-10-31",
      "quarter": "Q4 2024",
      "revenue": 465775542.61318403,
      "earnings": 40471945.63792452,
      "eps_actual": 0.03138988142430954,
      "eps_estimate": 0.03019840703489684,
      "surprise_percent": 3.945487548518208,
      "price_on_date": 26.43564073031644,
      "revenue_growth": 30.698299106135536,
      "earnings_growth": 44.817499645797206
    },
    {
      "date": "2024-08-02",
      "quarter": "Q3 2024",
      "revenue": 442486765.4825248,
      "earnings": 38448348.356028296,
      "eps_actual": 0.02982038735309406,
      "eps_estimate": 0.029735743350198355,
      "surprise_percent": 0.2846540673251461,
      "price_on_date": 26.6920636127607,
      "revenue_growth": 36.59444995789758,
      "earnings_growth": 33.51582712178131
    },
    {
      "date": "2024-05-04",
      "quarter": "Q2 2024",
      "revenue": 420362427.2083985,
      "earnings": 36525930.93822687,
      "eps_actual": 0.02832936798543935,
      "eps_estimate": 0.02799981496843418,
      "surprise_percent": 1.1769828385533696,
      "price_on_date": 21.764680366749573,
      "revenue_growth": 34.019815116326015,
      "earnings_growth": 44.213572867088196
    },
    {
      "date": "2024-02-04",
      "quarter": "Q1 2024",
      "revenue": 399344305.8479786,
      "earnings": 34699634.39131553,
      "eps_actual": 0.026912899586167383,
      "eps_estimate": 0.027198506121752754,
      "surprise_percent": -1.050081700468653,
      "price_on_date": 24.040394314487273,
      "revenue_growth": 39.55485585818408,
      "earnings_growth": 43.188350226934006
    },
    {
      "date": "2023-11-06",
      "quarter": "Q4 2023",
      "revenue": 379377090.5555796,
      "earnings": 32964652.67174975,
      "eps_actual": 0.025567254606859012,
      "eps_estimate": 0.024937420613957414,
      "surprise_percent": 2.52565813702914,
      "price_on_date": 20.79372229809145,
      "revenue_growth": 31.979054957118205,
      "earnings_growth": 26.17621423223973
    }
  ],
  "metrics": {
    "revenue_trend": [
      {
        "date": "2025-07-28",
        "value": 543257667.4304523
      },
      {
        "date": "2025-04-29",
        "value": 516094784.0589297
      },
      {
        "date": "2025-01-29",
        "value": 490290044.8559832
      },
      {
        "date": "2024-10-31",
        "value": 465775542.61318403
      },
      {
        "date": "2024-08-02",
        "value": 442486765.4825248
      },
      {
        "date": "2024-05-04",
        "value": 420362427.2083985
      },
      {
        "date": "2024-02-04",
        "value": 399344305.8479786
      },
      {
        "date": "2023-11-06",
        "value": 379377090.5555796
      }
    ],
    "eps_trend": [
      {
        "date": "2025-07-28",
        "value": 0.036611612683259416
      },
      {
        "date": "2025-04-29",
        "value": 0.03478103204909644
      },
      {
        "date": "2025-01-29",
        "value": 0.03304198044664162
      },
      {
        "date": "2024-10-31",
        "value": 0.03138988142430954
      },
      {
        "date": "2024-08-02",
        "value": 0.02982038735309406
      },
      {
        "date": "2024-05-04",
        "value": 0.02832936798543935
      },
      {
        "date": "2024-02-04",
        "value": 0.026912899586167383
      },
      {
        "date": "2023-11-06",
        "value": 0.025567254606859012
      }
    ],
    "earnings_dates": [
      "2025-07-28",
      "2025-04-29",
      "2025-01-29",
      "2024-10-31",
      "2024-08-02",
      "2024-05-04",
      "2024-02-04",
      "2023-11-06"
    ]
  },
  "analysis": {
    "avg_revenue_growth": 34.117874989401244,
    "avg_earnings_surprise": 1.3718287879462818,
    "consistency_score": 90,
    "trend_direction": "growing"
  }
}