{
  "ticker": "UAL",
  "quarters": [
    {
      "date": "2025-07-28",
      "quarter": "Q3 2025",
      "revenue": 827175254.8208823,
      "earnings": 199695751.0587961,
      "eps_actual": 0.08529500528952273,
      "eps_estimate": 0.08208550634488816,
      "surprise_percent": 3.9099459667698575,
      "price_on_date": 20.09016036076487,
      "revenue_growth": 28.222440219595075,
      "earnings_growth": 35.24182919662453
    },
    {
      "date": "2025-04-29",
      "quarter": "Q2 2025",
      "revenue": 785816492.0798382,
      "earnings": 189710963.5058563,
      "eps_actual": 0.0810302550250466,
      "eps_estimate": 0.08063914514715151,
      "surprise_percent": 0.4850124306022682,
      "price_on_date": 19.956401137414353,
      "revenue_growth": 29.239323278314778,
      "earnings_growth": 27.53257268541412
    },
    {
      "date": "2025-01-29",
      "quarter": "Q1 2025",
      "revenue": 746525667.4758463,
      "earnings": 180225415.3305635,
      "eps_actual": 0.07697874227379427,
      "eps_estimate": 0.07839716514598154,
      "surprise_percent": -1.8092782686032804,
      "price_on_date": 18.929271414753483,
      "revenue_growth": 28.738574662291793,
      "earnings_growth": 29.774034822231155
    },
    {
      "date": "2024-10-31",
      "quarter": "Q4 2024",
      "revenue": 709199384.1020539,
      "earnings": 171214144.5640353,
      "eps_actual": 0.07312980516010455,
      "eps_estimate": 0.07241170497592367,
      "surprise_percent": 0.9916907555479337,
      "price_on_date": 16.343855462109467,
      "revenue_growth": 37.95314416493659,
      "earnings_growth": 29.439252654029087
    },
    {
      "date": "2024-08-02",
      "quarter": "Q3 2024",
      "revenue": 673739414.8969512,
      "earnings": 162653437.33583355,
      "eps_actual": 0.06947331490209932,
      "eps_estimate": 0.06996639967332964,
      "surprise_percent": -0.7047450969787123,
      "price_on_date": 18.513852710271873,
      "revenue_growth": 28.98533121022869,
      "earnings_growth": 31.077900486280125
    },
    {
      "date": "2024-05-04",
      "quarter": "Q2 2024",
      "revenue": 640052444.1521035,
      "earnings": 154520765.46904182,
      "eps_actual": 0.06599964915699434,
      "eps_estimate": 0.06610872283925068,
      "surprise_percent": -0.1649913620651218,
      "price_on_date": 17.19516985462075,
      "revenue_growth": 33.36233836224648,
      "earnings_growth": 34.4759587321655
    },
    {
      "date": "2024-02-04",
      "quarter": "Q1 2024",
      "revenue": 608049821.9444984,
      "earnings": 146794727.19558975,
      "eps_actual": 0.06269966669914463,
      "eps_estimate": 0.06394894923647208,
      "surprise_percent": -1.9535622590260575,
      "price_on_date": 15.322927811805563,
      "revenue_growth": 34.4427948753112,
      "earnings_growth": 40.34397649357236
    },
    {
      "date": "2023-11-06",
      "quarter": "Q4 2023",
      "revenue": 577647330.8472733,
      "earnings": 139454990.83581024,
      "eps_actual": 0.05956468336418739,
      "eps_estimate": 0.0598752535386761,
      "surprise_percent": -0.518695381036007,
      "price_on_date": 15.146115292774686,
      "revenue_growth": 37.824984510541654,
      "earnings_growth": 33.495621166165606
    }
  ],
  "metrics": {
    "revenue_trend": [
      {
        "date": "2025-07-28",
        "value": 827175254.8208823
      },
      {
        "date": "2025-04-29",
        "value": 785816492.0798382
      },
      {
        "date": "2025-01-29",
        "value": 746525667.4758463
      },
      {
        "date": "2024-10-31",
        "value": 709199384.1020539
      },
      {
        "date": "2024-08-02",
        "value": 673739414.8969512
      },
      {
        "date": "2024-05-04",
        "value": 640052444.1521035
      },
      {
        "date": "2024-02-04",
        "value": 608049821.9444984
      },
      {
        "date": "2023-11-06",
        "value": 577647330.8472733
      }
    ],
    "eps_trend": [
      {
        "date": "2025-07-28",
        "value": 0.08529500528952273
      },
      {
        "date": "2025-04-29",
        "value": 0.0810302550250466
      },
      {
        "date": "2025-01-29",
        "value": 0.07697874227379427
      },
      {
        "date": "2024-10-31",
        "value": 0.07312980516010455
      },
      {
        "date": "2024-08-02",
        "value": 0.06947331490209932
      },
      {
        "date": "2024-05-04",
        "value": 0.06599964915699434
      },
      {
        "date": "2024-02-04",
        "value": 0.06269966669914463
      },
      {
        "date": "2023-11-06",
        "value": 0.05956468336418739
      }
    ],
    "earnings_dates": [
      "2025-07-28",
      "2025-04-29",
      "2025-01-29",
      "2024-10-31",
      "2024-08-02",
      "2024-05-04",
      "2024-02-04",
      "2023-11-06"
    ]
  },
  "analysis": {
    "avg_revenue_growth": 31.03837058128456,
    "avg_earnings_surprise": 0.8943427210791947,
    "consistency_score": 85,
    "trend_direction": "growing"
  }
}