{
  "ticker": "UBER",
  "quarters": [
    {
      "date": "2025-07-28",
      "quarter": "Q3 2025",
      "revenue": 36658435437.40552,
      "earnings": 1951532679.4336767,
      "eps_actual": 0.43887156050564224,
      "eps_estimate": 0.4259114078898229,
      "surprise_percent": 3.04292216074474,
      "price_on_date": 235.45562372292795,
      "revenue_growth": 26.385776265738702,
      "earnings_growth": 31.558592712841104
    },
    {
      "date": "2025-04-29",
      "quarter": "Q2 2025",
      "revenue": 34825513665.53524,
      "earnings": 1853956045.4619927,
      "eps_actual": 0.41692798248036006,
      "eps_estimate": 0.41715056300604597,
      "surprise_percent": -0.053357359530325145,
      "price_on_date": 212.1154547259344,
      "revenue_growth": 32.934845982764195,
      "earnings_growth": 25.59092020541987
    },
    {
      "date": "2025-01-29",
      "quarter": "Q1 2025",
      "revenue": 33084237982.25848,
      "earnings": 1761258243.1888933,
      "eps_actual": 0.39608158335634214,
      "eps_estimate": 0.3909287291896531,
      "surprise_percent": 1.3181057778409546,
      "price_on_date": 191.75453682090154,
      "revenue_growth": 35.77506736940631,
      "earnings_growth": 39.56639270815837
    },
    {
      "date": "2024-10-31",
      "quarter": "Q4 2024",
      "revenue": 31430026083.14555,
      "earnings": 1673195331.0294483,
      "eps_actual": 0.37627750418852496,
      "eps_estimate": 0.38075192263994434,
      "surprise_percent": -1.1751532127260162,
      "price_on_date": 196.9126117125089,
      "revenue_growth": 36.889618027679234,
      "earnings_growth": 38.930092646911405
    },
    {
      "date": "2024-08-02",
      "quarter": "Q3 2024",
      "revenue": 29858524778.988274,
      "earnings": 1589535564.4779758,
      "eps_actual": 0.35746362897909867,
      "eps_estimate": 0.34282928705636173,
      "surprise_percent": 4.268696542349669,
      "price_on_date": 179.1261697846362,
      "revenue_growth": 37.21001894003209,
      "earnings_growth": 31.12882148226155
    },
    {
      "date": "2024-05-04",
      "quarter": "Q2 2024",
      "revenue": 28365598540.038857,
      "earnings": 1510058786.254077,
      "eps_actual": 0.3395904475301437,
      "eps_estimate": 0.3439324063829454,
      "surprise_percent": -1.2624454027071879,
      "price_on_date": 156.75600338602908,
      "revenue_growth": 35.32020216627,
      "earnings_growth": 31.941874304824193
    },
    {
      "date": "2024-02-04",
      "quarter": "Q1 2024",
      "revenue": 26947318613.036915,
      "earnings": 1434555846.941373,
      "eps_actual": 0.32261092515363654,
      "eps_estimate": 0.3235239260255897,
      "surprise_percent": -0.28220505455938305,
      "price_on_date": 157.91353767042622,
      "revenue_growth": 38.95068496874531,
      "earnings_growth": 37.27793831795826
    },
    {
      "date": "2023-11-06",
      "quarter": "Q4 2023",
      "revenue": 25599952682.385063,
      "earnings": 1362828054.594304,
      "eps_actual": 0.30648037889595464,
      "eps_estimate": 0.3115337756313951,
      "surprise_percent": -1.622102362801144,
      "price_on_date": 160.81553505342296,
      "revenue_growth": 36.67129922937521,
      "earnings_growth": 32.722439721859615
    }
  ],
  "metrics": {
    "revenue_trend": [
      {
        "date": "2025-07-28",
        "value": 36658435437.40552
      },
      {
        "date": "2025-04-29",
        "value": 34825513665.53524
      },
      {
        "date": "2025-01-29",
        "value": 33084237982.25848
      },
      {
        "date": "2024-10-31",
        "value": 31430026083.14555
      },
      {
        "date": "2024-08-02",
        "value": 29858524778.988274
      },
      {
        "date": "2024-05-04",
        "value": 28365598540.038857
      },
      {
        "date": "2024-02-04",
        "value": 26947318613.036915
      },
      {
        "date": "2023-11-06",
        "value": 25599952682.385063
      }
    ],
    "eps_trend": [
      {
        "date": "2025-07-28",
        "value": 0.43887156050564224
      },
      {
        "date": "2025-04-29",
        "value": 0.41692798248036006
      },
      {
        "date": "2025-01-29",
        "value": 0.39608158335634214
      },
      {
        "date": "2024-10-31",
        "value": 0.37627750418852496
      },
      {
        "date": "2024-08-02",
        "value": 0.35746362897909867
      },
      {
        "date": "2024-05-04",
        "value": 0.3395904475301437
      },
      {
        "date": "2024-02-04",
        "value": 0.32261092515363654
      },
      {
        "date": "2023-11-06",
        "value": 0.30648037889595464
      }
    ],
    "earnings_dates": [
      "2025-07-28",
      "2025-04-29",
      "2025-01-29",
      "2024-10-31",
      "2024-08-02",
      "2024-05-04",
      "2024-02-04",
      "2023-11-06"
    ]
  },
  "analysis": {
    "avg_revenue_growth": 32.99632691139711,
    "avg_earnings_surprise": 0.7831293415823384,
    "consistency_score": 68,
    "trend_direction": "growing"
  }
}