{
  "ticker": "UDR",
  "quarters": [
    {
      "date": "2025-07-28",
      "quarter": "Q3 2025",
      "revenue": 1434329688.5587451,
      "earnings": 140382355.45655593,
      "eps_actual": 0.9579737308626606,
      "eps_estimate": 0.95288665863051,
      "surprise_percent": 0.5338591096932445,
      "price_on_date": 329.0839944062241,
      "revenue_growth": -21.99128897064523,
      "earnings_growth": -24.233229855840147
    },
    {
      "date": "2025-04-29",
      "quarter": "Q2 2025",
      "revenue": 1362613204.1308079,
      "earnings": 133363237.68372813,
      "eps_actual": 0.9100750443195275,
      "eps_estimate": 0.9206114236932273,
      "surprise_percent": -1.144498004536048,
      "price_on_date": 320.9998670516027,
      "revenue_growth": -18.576478323287304,
      "earnings_growth": -21.48398445625986
    },
    {
      "date": "2025-01-29",
      "quarter": "Q1 2025",
      "revenue": 1294482543.9242675,
      "earnings": 126695075.79954173,
      "eps_actual": 0.8645712921035511,
      "eps_estimate": 0.8574891770008081,
      "surprise_percent": 0.8259130602107135,
      "price_on_date": 305.2733846470231,
      "revenue_growth": -21.7124959264185,
      "earnings_growth": -14.57031327605674
    },
    {
      "date": "2024-10-31",
      "quarter": "Q4 2024",
      "revenue": 1229758416.728054,
      "earnings": 120360322.00956464,
      "eps_actual": 0.8213427274983736,
      "eps_estimate": 0.8263932006805048,
      "surprise_percent": -0.611146507252525,
      "price_on_date": 284.4987631456626,
      "revenue_growth": -19.78564806991523,
      "earnings_growth": -15.175880472054184
    },
    {
      "date": "2024-08-02",
      "quarter": "Q3 2024",
      "revenue": 1168270495.8916512,
      "earnings": 114342305.90908639,
      "eps_actual": 0.7802755911234548,
      "eps_estimate": 0.7461081458302152,
      "surprise_percent": 4.579422632522059,
      "price_on_date": 268.78374509747505,
      "revenue_growth": -16.36040025418631,
      "earnings_growth": -18.010925605114153
    },
    {
      "date": "2024-05-04",
      "quarter": "Q2 2024",
      "revenue": 1109856971.0970685,
      "earnings": 108625190.61363207,
      "eps_actual": 0.741261811567282,
      "eps_estimate": 0.735096835017143,
      "surprise_percent": 0.8386618274577746,
      "price_on_date": 241.12909724254305,
      "revenue_growth": -20.53944227063892,
      "earnings_growth": -19.712472832860445
    },
    {
      "date": "2024-02-04",
      "quarter": "Q1 2024",
      "revenue": 1054364122.5422151,
      "earnings": 103193931.08295046,
      "eps_actual": 0.7041987209889179,
      "eps_estimate": 0.670692674486148,
      "surprise_percent": 4.9957376571080925,
      "price_on_date": 269.5403091850203,
      "revenue_growth": -18.133719066110444,
      "earnings_growth": -14.304194327584849
    },
    {
      "date": "2023-11-06",
      "quarter": "Q4 2023",
      "revenue": 1001645916.4151043,
      "earnings": 98034234.52880293,
      "eps_actual": 0.6689887849394719,
      "eps_estimate": 0.6795701675756951,
      "surprise_percent": -1.5570699158221344,
      "price_on_date": 233.97372857647096,
      "revenue_growth": -22.44652198934016,
      "earnings_growth": -15.517304766196563
    }
  ],
  "metrics": {
    "revenue_trend": [
      {
        "date": "2025-07-28",
        "value": 1434329688.5587451
      },
      {
        "date": "2025-04-29",
        "value": 1362613204.1308079
      },
      {
        "date": "2025-01-29",
        "value": 1294482543.9242675
      },
      {
        "date": "2024-10-31",
        "value": 1229758416.728054
      },
      {
        "date": "2024-08-02",
        "value": 1168270495.8916512
      },
      {
        "date": "2024-05-04",
        "value": 1109856971.0970685
      },
      {
        "date": "2024-02-04",
        "value": 1054364122.5422151
      },
      {
        "date": "2023-11-06",
        "value": 1001645916.4151043
      }
    ],
    "eps_trend": [
      {
        "date": "2025-07-28",
        "value": 0.9579737308626606
      },
      {
        "date": "2025-04-29",
        "value": 0.9100750443195275
      },
      {
        "date": "2025-01-29",
        "value": 0.8645712921035511
      },
      {
        "date": "2024-10-31",
        "value": 0.8213427274983736
      },
      {
        "date": "2024-08-02",
        "value": 0.7802755911234548
      },
      {
        "date": "2024-05-04",
        "value": 0.741261811567282
      },
      {
        "date": "2024-02-04",
        "value": 0.7041987209889179
      },
      {
        "date": "2023-11-06",
        "value": 0.6689887849394719
      }
    ],
    "earnings_dates": [
      "2025-07-28",
      "2025-04-29",
      "2025-01-29",
      "2024-10-31",
      "2024-08-02",
      "2024-05-04",
      "2024-02-04",
      "2023-11-06"
    ]
  },
  "analysis": {
    "avg_revenue_growth": -20.516477822566564,
    "avg_earnings_surprise": -0.09896808547115374,
    "consistency_score": 73,
    "trend_direction": "declining"
  }
}