{
  "ticker": "UHS",
  "quarters": [
    {
      "date": "2025-07-28",
      "quarter": "Q3 2025",
      "revenue": 421514183.0341642,
      "earnings": 21378440.585325975,
      "eps_actual": 0.07581739269427373,
      "eps_estimate": 0.07298220179736632,
      "surprise_percent": 3.8847702961596906,
      "price_on_date": 66.06172137117709,
      "revenue_growth": -16.728433315553264,
      "earnings_growth": -22.984129954240146
    },
    {
      "date": "2025-04-29",
      "quarter": "Q2 2025",
      "revenue": 400438473.88245595,
      "earnings": 20309518.556059673,
      "eps_actual": 0.07202652305956003,
      "eps_estimate": 0.06946832185651339,
      "surprise_percent": 3.682543546007347,
      "price_on_date": 54.20908487644794,
      "revenue_growth": -17.860721158322782,
      "earnings_growth": -19.6185416331208
    },
    {
      "date": "2025-01-29",
      "quarter": "Q1 2025",
      "revenue": 380416550.18833315,
      "earnings": 19294042.62825669,
      "eps_actual": 0.06842519690658203,
      "eps_estimate": 0.06777847089954188,
      "surprise_percent": 0.9541761542521281,
      "price_on_date": 56.17445746572456,
      "revenue_growth": -22.05710515641927,
      "earnings_growth": -14.660796478487926
    },
    {
      "date": "2024-10-31",
      "quarter": "Q4 2024",
      "revenue": 361395722.67891645,
      "earnings": 18329340.496843856,
      "eps_actual": 0.06500393706125293,
      "eps_estimate": 0.06308688863903751,
      "surprise_percent": 3.0387430155006414,
      "price_on_date": 53.052909775196646,
      "revenue_growth": -21.82736535029162,
      "earnings_growth": -16.99378350313087
    },
    {
      "date": "2024-08-02",
      "quarter": "Q3 2024",
      "revenue": 343325936.54497063,
      "earnings": 17412873.47200166,
      "eps_actual": 0.06175374020819028,
      "eps_estimate": 0.06235941511959232,
      "surprise_percent": -0.9712645800806179,
      "price_on_date": 50.68787525400906,
      "revenue_growth": -21.568340019045678,
      "earnings_growth": -16.46640684305146
    },
    {
      "date": "2024-05-04",
      "quarter": "Q2 2024",
      "revenue": 326159639.71772206,
      "earnings": 16542229.798401577,
      "eps_actual": 0.05866605319778076,
      "eps_estimate": 0.05636666767250852,
      "surprise_percent": 4.079335572277774,
      "price_on_date": 45.65985770755648,
      "revenue_growth": -20.153142387324237,
      "earnings_growth": -16.222842504816253
    },
    {
      "date": "2024-02-04",
      "quarter": "Q1 2024",
      "revenue": 309851657.73183596,
      "earnings": 15715118.308481498,
      "eps_actual": 0.05573275053789172,
      "eps_estimate": 0.053927993281650266,
      "surprise_percent": 3.3466056243104245,
      "price_on_date": 50.34219578444022,
      "revenue_growth": -22.7902917416617,
      "earnings_growth": -14.388382227919088
    },
    {
      "date": "2023-11-06",
      "quarter": "Q4 2023",
      "revenue": 294359074.8452441,
      "earnings": 14929362.39305742,
      "eps_actual": 0.05294611301099713,
      "eps_estimate": 0.05211620221765584,
      "surprise_percent": 1.5924237723141994,
      "price_on_date": 39.81348879604301,
      "revenue_growth": -19.995671270572082,
      "earnings_growth": -23.73544673453713
    }
  ],
  "metrics": {
    "revenue_trend": [
      {
        "date": "2025-07-28",
        "value": 421514183.0341642
      },
      {
        "date": "2025-04-29",
        "value": 400438473.88245595
      },
      {
        "date": "2025-01-29",
        "value": 380416550.18833315
      },
      {
        "date": "2024-10-31",
        "value": 361395722.67891645
      },
      {
        "date": "2024-08-02",
        "value": 343325936.54497063
      },
      {
        "date": "2024-05-04",
        "value": 326159639.71772206
      },
      {
        "date": "2024-02-04",
        "value": 309851657.73183596
      },
      {
        "date": "2023-11-06",
        "value": 294359074.8452441
      }
    ],
    "eps_trend": [
      {
        "date": "2025-07-28",
        "value": 0.07581739269427373
      },
      {
        "date": "2025-04-29",
        "value": 0.07202652305956003
      },
      {
        "date": "2025-01-29",
        "value": 0.06842519690658203
      },
      {
        "date": "2024-10-31",
        "value": 0.06500393706125293
      },
      {
        "date": "2024-08-02",
        "value": 0.06175374020819028
      },
      {
        "date": "2024-05-04",
        "value": 0.05866605319778076
      },
      {
        "date": "2024-02-04",
        "value": 0.05573275053789172
      },
      {
        "date": "2023-11-06",
        "value": 0.05294611301099713
      }
    ],
    "earnings_dates": [
      "2025-07-28",
      "2025-04-29",
      "2025-01-29",
      "2024-10-31",
      "2024-08-02",
      "2024-05-04",
      "2024-02-04",
      "2023-11-06"
    ]
  },
  "analysis": {
    "avg_revenue_growth": -19.618406245146733,
    "avg_earnings_surprise": 2.8900582529799514,
    "consistency_score": 66,
    "trend_direction": "declining"
  }
}