{
  "ticker": "ULTA",
  "quarters": [
    {
      "date": "2025-07-28",
      "quarter": "Q3 2025",
      "revenue": 2450035734.6142483,
      "earnings": 27288113.08504991,
      "eps_actual": 0.024493373037298705,
      "eps_estimate": 0.02384927664556558,
      "surprise_percent": 2.7006957120977737,
      "price_on_date": 78.40777653050273,
      "revenue_growth": 28.13604569836472,
      "earnings_growth": 30.744709344167415
    },
    {
      "date": "2025-04-29",
      "quarter": "Q2 2025",
      "revenue": 2327533947.883536,
      "earnings": 25923707.430797413,
      "eps_actual": 0.02326870438543377,
      "eps_estimate": 0.022510802408995143,
      "surprise_percent": 3.366836786483339,
      "price_on_date": 66.3797869047837,
      "revenue_growth": 30.320489225634653,
      "earnings_growth": 33.24340546264706
    },
    {
      "date": "2025-01-29",
      "quarter": "Q1 2025",
      "revenue": 2211157250.489359,
      "earnings": 24627522.05925754,
      "eps_actual": 0.02210526916616208,
      "eps_estimate": 0.022329318001455007,
      "surprise_percent": -1.0033841395349683,
      "price_on_date": 64.23264785980466,
      "revenue_growth": 28.886113920585096,
      "earnings_growth": 36.10778781932082
    },
    {
      "date": "2024-10-31",
      "quarter": "Q4 2024",
      "revenue": 2100599387.964891,
      "earnings": 23396145.956294663,
      "eps_actual": 0.021000005707853975,
      "eps_estimate": 0.02117948994632157,
      "surprise_percent": -0.8474436302408035,
      "price_on_date": 62.284961119473316,
      "revenue_growth": 26.708067577868196,
      "earnings_growth": 35.55677542875902
    },
    {
      "date": "2024-08-02",
      "quarter": "Q3 2024",
      "revenue": 1995569418.5666463,
      "earnings": 22226338.65847993,
      "eps_actual": 0.019950005422461274,
      "eps_estimate": 0.01943535029735051,
      "surprise_percent": 2.64803627018199,
      "price_on_date": 57.41273867556952,
      "revenue_growth": 25.71431803429544,
      "earnings_growth": 23.26422073298672
    },
    {
      "date": "2024-05-04",
      "quarter": "Q2 2024",
      "revenue": 1895790947.6383138,
      "earnings": 21115021.72555593,
      "eps_actual": 0.01895250515133821,
      "eps_estimate": 0.01925841017604613,
      "surprise_percent": -1.588423041733773,
      "price_on_date": 57.570808334054966,
      "revenue_growth": 28.374954291641814,
      "earnings_growth": 29.43820091823639
    },
    {
      "date": "2024-02-04",
      "quarter": "Q1 2024",
      "revenue": 1801001400.256398,
      "earnings": 20059270.639278132,
      "eps_actual": 0.018004879893771298,
      "eps_estimate": 0.018066313064225088,
      "surprise_percent": -0.3400426541674381,
      "price_on_date": 54.63176203842623,
      "revenue_growth": 28.270445795125394,
      "earnings_growth": 26.635766236078144
    },
    {
      "date": "2023-11-06",
      "quarter": "Q4 2023",
      "revenue": 1710951330.243578,
      "earnings": 19056307.107314225,
      "eps_actual": 0.017104635899082732,
      "eps_estimate": 0.01654919819671764,
      "surprise_percent": 3.3562816504019954,
      "price_on_date": 57.507040002619355,
      "revenue_growth": 28.261115406450152,
      "earnings_growth": 21.702674145145277
    }
  ],
  "metrics": {
    "revenue_trend": [
      {
        "date": "2025-07-28",
        "value": 2450035734.6142483
      },
      {
        "date": "2025-04-29",
        "value": 2327533947.883536
      },
      {
        "date": "2025-01-29",
        "value": 2211157250.489359
      },
      {
        "date": "2024-10-31",
        "value": 2100599387.964891
      },
      {
        "date": "2024-08-02",
        "value": 1995569418.5666463
      },
      {
        "date": "2024-05-04",
        "value": 1895790947.6383138
      },
      {
        "date": "2024-02-04",
        "value": 1801001400.256398
      },
      {
        "date": "2023-11-06",
        "value": 1710951330.243578
      }
    ],
    "eps_trend": [
      {
        "date": "2025-07-28",
        "value": 0.024493373037298705
      },
      {
        "date": "2025-04-29",
        "value": 0.02326870438543377
      },
      {
        "date": "2025-01-29",
        "value": 0.02210526916616208
      },
      {
        "date": "2024-10-31",
        "value": 0.021000005707853975
      },
      {
        "date": "2024-08-02",
        "value": 0.019950005422461274
      },
      {
        "date": "2024-05-04",
        "value": 0.01895250515133821
      },
      {
        "date": "2024-02-04",
        "value": 0.018004879893771298
      },
      {
        "date": "2023-11-06",
        "value": 0.017104635899082732
      }
    ],
    "earnings_dates": [
      "2025-07-28",
      "2025-04-29",
      "2025-01-29",
      "2024-10-31",
      "2024-08-02",
      "2024-05-04",
      "2024-02-04",
      "2023-11-06"
    ]
  },
  "analysis": {
    "avg_revenue_growth": 28.512679105613163,
    "avg_earnings_surprise": 1.0541761822013351,
    "consistency_score": 92,
    "trend_direction": "growing"
  }
}