{
  "ticker": "UNH",
  "quarters": [
    {
      "date": "2025-07-28",
      "quarter": "Q3 2025",
      "revenue": 121322670087.65736,
      "earnings": 19386905054.793873,
      "eps_actual": 5.799960169956294,
      "eps_estimate": 5.791273765390681,
      "surprise_percent": 0.14999126129253182,
      "price_on_date": 64.80637357405882,
      "revenue_growth": 1.6414618290359733,
      "earnings_growth": 1.4657074226163982
    },
    {
      "date": "2025-04-29",
      "quarter": "Q2 2025",
      "revenue": 115256536583.27449,
      "earnings": 18417559802.054176,
      "eps_actual": 5.509962161458478,
      "eps_estimate": 5.305202102018164,
      "surprise_percent": 3.8596090309626665,
      "price_on_date": 59.69850849051022,
      "revenue_growth": 1.827961135489939,
      "earnings_growth": 2.3969829126449134
    },
    {
      "date": "2025-01-29",
      "quarter": "Q1 2025",
      "revenue": 109493709754.11076,
      "earnings": 17496681811.951466,
      "eps_actual": 5.234464053385554,
      "eps_estimate": 5.009947749574928,
      "surprise_percent": 4.481410087154605,
      "price_on_date": 55.67796900253773,
      "revenue_growth": 2.091082700777879,
      "earnings_growth": 1.850654821153877
    },
    {
      "date": "2024-10-31",
      "quarter": "Q4 2024",
      "revenue": 104019024266.40521,
      "earnings": 16621847721.353891,
      "eps_actual": 4.972740850716276,
      "eps_estimate": 4.8342810948813435,
      "surprise_percent": 2.864122981626723,
      "price_on_date": 60.74283573427184,
      "revenue_growth": 2.2051807195555013,
      "earnings_growth": 1.609680606227468
    },
    {
      "date": "2024-08-02",
      "quarter": "Q3 2024",
      "revenue": 98818073053.08496,
      "earnings": 15790755335.2862,
      "eps_actual": 4.7241038081804625,
      "eps_estimate": 4.716590195965216,
      "surprise_percent": 0.15930178164883407,
      "price_on_date": 57.269981469399966,
      "revenue_growth": 1.519740729718476,
      "earnings_growth": 1.6124704007789508
    },
    {
      "date": "2024-05-04",
      "quarter": "Q2 2024",
      "revenue": 93877169400.4307,
      "earnings": 15001217568.521887,
      "eps_actual": 4.487898617771439,
      "eps_estimate": 4.345159059964336,
      "surprise_percent": 3.28502491709185,
      "price_on_date": 56.59451050723608,
      "revenue_growth": 1.8944885210687339,
      "earnings_growth": 1.445528136750322
    },
    {
      "date": "2024-02-04",
      "quarter": "Q1 2024",
      "revenue": 89183310930.40916,
      "earnings": 14251156690.095793,
      "eps_actual": 4.263503686882867,
      "eps_estimate": 4.174411383849188,
      "surprise_percent": 2.1342482769757054,
      "price_on_date": 52.11479565573666,
      "revenue_growth": 2.1955596621286237,
      "earnings_growth": 1.6361265755882897
    },
    {
      "date": "2023-11-06",
      "quarter": "Q4 2023",
      "revenue": 84724145383.88869,
      "earnings": 13538598855.591,
      "eps_actual": 4.050328502538723,
      "eps_estimate": 3.8951396234344173,
      "surprise_percent": 3.9841672984105445,
      "price_on_date": 45.75663835655971,
      "revenue_growth": 1.494735935933533,
      "earnings_growth": 1.6827943208391443
    }
  ],
  "metrics": {
    "revenue_trend": [
      {
        "date": "2025-07-28",
        "value": 121322670087.65736
      },
      {
        "date": "2025-04-29",
        "value": 115256536583.27449
      },
      {
        "date": "2025-01-29",
        "value": 109493709754.11076
      },
      {
        "date": "2024-10-31",
        "value": 104019024266.40521
      },
      {
        "date": "2024-08-02",
        "value": 98818073053.08496
      },
      {
        "date": "2024-05-04",
        "value": 93877169400.4307
      },
      {
        "date": "2024-02-04",
        "value": 89183310930.40916
      },
      {
        "date": "2023-11-06",
        "value": 84724145383.88869
      }
    ],
    "eps_trend": [
      {
        "date": "2025-07-28",
        "value": 5.799960169956294
      },
      {
        "date": "2025-04-29",
        "value": 5.509962161458478
      },
      {
        "date": "2025-01-29",
        "value": 5.234464053385554
      },
      {
        "date": "2024-10-31",
        "value": 4.972740850716276
      },
      {
        "date": "2024-08-02",
        "value": 4.7241038081804625
      },
      {
        "date": "2024-05-04",
        "value": 4.487898617771439
      },
      {
        "date": "2024-02-04",
        "value": 4.263503686882867
      },
      {
        "date": "2023-11-06",
        "value": 4.050328502538723
      }
    ],
    "earnings_dates": [
      "2025-07-28",
      "2025-04-29",
      "2025-01-29",
      "2024-10-31",
      "2024-08-02",
      "2024-05-04",
      "2024-02-04",
      "2023-11-06"
    ]
  },
  "analysis": {
    "avg_revenue_growth": 1.9414215962148234,
    "avg_earnings_surprise": 2.838783340259132,
    "consistency_score": 62,
    "trend_direction": "stable"
  }
}