{
  "ticker": "UNP",
  "quarters": [
    {
      "date": "2025-07-28",
      "quarter": "Q3 2025",
      "revenue": 1415120826.740807,
      "earnings": 188777510.30732992,
      "eps_actual": 0.03776789023551959,
      "eps_estimate": 0.03846451460339699,
      "surprise_percent": -1.8110832154265109,
      "price_on_date": 2.3447490582143,
      "revenue_growth": 2.8009683986578158,
      "earnings_growth": 2.7127671964597053
    },
    {
      "date": "2025-04-29",
      "quarter": "Q2 2025",
      "revenue": 1344364785.4037666,
      "earnings": 179338634.79196343,
      "eps_actual": 0.03587949572374361,
      "eps_estimate": 0.036128251898979474,
      "surprise_percent": -0.6885364283094195,
      "price_on_date": 2.1764638304759374,
      "revenue_growth": 3.0958053353673916,
      "earnings_growth": 3.1990064493195396
    },
    {
      "date": "2025-01-29",
      "quarter": "Q1 2025",
      "revenue": 1277146546.1335783,
      "earnings": 170371703.05236524,
      "eps_actual": 0.03408552093755643,
      "eps_estimate": 0.03298362413530582,
      "surprise_percent": 3.340739021674504,
      "price_on_date": 2.0418200703448823,
      "revenue_growth": 2.92691427336472,
      "earnings_growth": 2.9173252659289255
    },
    {
      "date": "2024-10-31",
      "quarter": "Q4 2024",
      "revenue": 1213289218.8268993,
      "earnings": 161853117.89974695,
      "eps_actual": 0.032381244890678604,
      "eps_estimate": 0.032501854001788594,
      "surprise_percent": -0.3710837883382061,
      "price_on_date": 1.8632437806382507,
      "revenue_growth": 2.9612188832373314,
      "earnings_growth": 4.037576965159196
    },
    {
      "date": "2024-08-02",
      "quarter": "Q3 2024",
      "revenue": 1152624757.8855543,
      "earnings": 153760462.0047596,
      "eps_actual": 0.03076218264614467,
      "eps_estimate": 0.03018714889977774,
      "surprise_percent": 1.9048958491444896,
      "price_on_date": 1.7764157600282002,
      "revenue_growth": 2.8178876371806387,
      "earnings_growth": 3.5961287509165896
    },
    {
      "date": "2024-05-04",
      "quarter": "Q2 2024",
      "revenue": 1094993519.9912765,
      "earnings": 146072438.9045216,
      "eps_actual": 0.029224073513837434,
      "eps_estimate": 0.02796163759524542,
      "surprise_percent": 4.514885490135521,
      "price_on_date": 1.536832450235562,
      "revenue_growth": 2.9367143234390727,
      "earnings_growth": 3.526919314708428
    },
    {
      "date": "2024-02-04",
      "quarter": "Q1 2024",
      "revenue": 1040243843.9917127,
      "earnings": 138768816.95929554,
      "eps_actual": 0.027762869838145566,
      "eps_estimate": 0.027761219502640502,
      "surprise_percent": 0.005944751472126812,
      "price_on_date": 1.673142727731712,
      "revenue_growth": 2.820306579057034,
      "earnings_growth": 3.113646948393848
    },
    {
      "date": "2023-11-06",
      "quarter": "Q4 2023",
      "revenue": 988231651.7921269,
      "earnings": 131830376.11133075,
      "eps_actual": 0.026374726346238282,
      "eps_estimate": 0.026480884169650682,
      "surprise_percent": -0.4008847390906442,
      "price_on_date": 1.4534156934744038,
      "revenue_growth": 3.283336297165663,
      "earnings_growth": 3.663061499447709
    }
  ],
  "metrics": {
    "revenue_trend": [
      {
        "date": "2025-07-28",
        "value": 1415120826.740807
      },
      {
        "date": "2025-04-29",
        "value": 1344364785.4037666
      },
      {
        "date": "2025-01-29",
        "value": 1277146546.1335783
      },
      {
        "date": "2024-10-31",
        "value": 1213289218.8268993
      },
      {
        "date": "2024-08-02",
        "value": 1152624757.8855543
      },
      {
        "date": "2024-05-04",
        "value": 1094993519.9912765
      },
      {
        "date": "2024-02-04",
        "value": 1040243843.9917127
      },
      {
        "date": "2023-11-06",
        "value": 988231651.7921269
      }
    ],
    "eps_trend": [
      {
        "date": "2025-07-28",
        "value": 0.03776789023551959
      },
      {
        "date": "2025-04-29",
        "value": 0.03587949572374361
      },
      {
        "date": "2025-01-29",
        "value": 0.03408552093755643
      },
      {
        "date": "2024-10-31",
        "value": 0.032381244890678604
      },
      {
        "date": "2024-08-02",
        "value": 0.03076218264614467
      },
      {
        "date": "2024-05-04",
        "value": 0.029224073513837434
      },
      {
        "date": "2024-02-04",
        "value": 0.027762869838145566
      },
      {
        "date": "2023-11-06",
        "value": 0.026374726346238282
      }
    ],
    "earnings_dates": [
      "2025-07-28",
      "2025-04-29",
      "2025-01-29",
      "2024-10-31",
      "2024-08-02",
      "2024-05-04",
      "2024-02-04",
      "2023-11-06"
    ]
  },
  "analysis": {
    "avg_revenue_growth": 2.9462267226568146,
    "avg_earnings_surprise": 0.1175088974000919,
    "consistency_score": 91,
    "trend_direction": "stable"
  }
}