{
  "ticker": "UPS",
  "quarters": [
    {
      "date": "2025-07-28",
      "quarter": "Q3 2025",
      "revenue": 480832814.49391913,
      "earnings": 17780238.86598049,
      "eps_actual": 0.012550228129616061,
      "eps_estimate": 0.01265481533555547,
      "surprise_percent": -0.8264617314924937,
      "price_on_date": 57.64384287600885,
      "revenue_growth": 9.014686057563091,
      "earnings_growth": 7.034445536219703
    },
    {
      "date": "2025-04-29",
      "quarter": "Q2 2025",
      "revenue": 456791173.76922315,
      "earnings": 16891226.922681466,
      "eps_actual": 0.011922716723135258,
      "eps_estimate": 0.011658823927335143,
      "surprise_percent": 2.2634598261784795,
      "price_on_date": 52.629209591261976,
      "revenue_growth": 8.938960964537173,
      "earnings_growth": 9.652857228794891
    },
    {
      "date": "2025-01-29",
      "quarter": "Q1 2025",
      "revenue": 433951615.080762,
      "earnings": 16046665.576547394,
      "eps_actual": 0.011326580886978495,
      "eps_estimate": 0.01141527887640244,
      "surprise_percent": -0.7770111478161075,
      "price_on_date": 52.69271477192046,
      "revenue_growth": 10.24502823446212,
      "earnings_growth": 7.954468979738784
    },
    {
      "date": "2024-10-31",
      "quarter": "Q4 2024",
      "revenue": 412254034.3267239,
      "earnings": 15244332.297720022,
      "eps_actual": 0.01076025184262957,
      "eps_estimate": 0.010866630652923344,
      "surprise_percent": -0.9789493513811084,
      "price_on_date": 45.93113369993514,
      "revenue_growth": 10.676812113379857,
      "earnings_growth": 8.83809781773995
    },
    {
      "date": "2024-08-02",
      "quarter": "Q3 2024",
      "revenue": 391641332.6103877,
      "earnings": 14482115.682834022,
      "eps_actual": 0.010222239250498092,
      "eps_estimate": 0.009965914725056861,
      "surprise_percent": 2.5720120281258825,
      "price_on_date": 45.14331021434055,
      "revenue_growth": 9.328291883714568,
      "earnings_growth": 9.17815742823977
    },
    {
      "date": "2024-05-04",
      "quarter": "Q2 2024",
      "revenue": 372059265.97986823,
      "earnings": 13758009.898692317,
      "eps_actual": 0.009711127287973185,
      "eps_estimate": 0.00973266632964724,
      "surprise_percent": -0.2213066897037531,
      "price_on_date": 43.97114000137202,
      "revenue_growth": 9.437648869375403,
      "earnings_growth": 7.9991281272740915
    },
    {
      "date": "2024-02-04",
      "quarter": "Q1 2024",
      "revenue": 353456302.6808748,
      "earnings": 13070109.403757703,
      "eps_actual": 0.009225570923574527,
      "eps_estimate": 0.0093079173795275,
      "surprise_percent": -0.8846925965854884,
      "price_on_date": 40.3606934571376,
      "revenue_growth": 10.311324796778793,
      "earnings_growth": 8.701851235014717
    },
    {
      "date": "2023-11-06",
      "quarter": "Q4 2023",
      "revenue": 335783487.546831,
      "earnings": 12416603.933569815,
      "eps_actual": 0.008764292377395799,
      "eps_estimate": 0.00837960112539484,
      "surprise_percent": 4.590806247747639,
      "price_on_date": 39.77878964033295,
      "revenue_growth": 7.662676512305445,
      "earnings_growth": 6.59019121164574
    }
  ],
  "metrics": {
    "revenue_trend": [
      {
        "date": "2025-07-28",
        "value": 480832814.49391913
      },
      {
        "date": "2025-04-29",
        "value": 456791173.76922315
      },
      {
        "date": "2025-01-29",
        "value": 433951615.080762
      },
      {
        "date": "2024-10-31",
        "value": 412254034.3267239
      },
      {
        "date": "2024-08-02",
        "value": 391641332.6103877
      },
      {
        "date": "2024-05-04",
        "value": 372059265.97986823
      },
      {
        "date": "2024-02-04",
        "value": 353456302.6808748
      },
      {
        "date": "2023-11-06",
        "value": 335783487.546831
      }
    ],
    "eps_trend": [
      {
        "date": "2025-07-28",
        "value": 0.012550228129616061
      },
      {
        "date": "2025-04-29",
        "value": 0.011922716723135258
      },
      {
        "date": "2025-01-29",
        "value": 0.011326580886978495
      },
      {
        "date": "2024-10-31",
        "value": 0.01076025184262957
      },
      {
        "date": "2024-08-02",
        "value": 0.010222239250498092
      },
      {
        "date": "2024-05-04",
        "value": 0.009711127287973185
      },
      {
        "date": "2024-02-04",
        "value": 0.009225570923574527
      },
      {
        "date": "2023-11-06",
        "value": 0.008764292377395799
      }
    ],
    "earnings_dates": [
      "2025-07-28",
      "2025-04-29",
      "2025-01-29",
      "2024-10-31",
      "2024-08-02",
      "2024-05-04",
      "2024-02-04",
      "2023-11-06"
    ]
  },
  "analysis": {
    "avg_revenue_growth": 9.718871842485559,
    "avg_earnings_surprise": -0.07974060112780754,
    "consistency_score": 77,
    "trend_direction": "growing"
  }
}