{
  "ticker": "UPST",
  "quarters": [
    {
      "date": "2025-07-28",
      "quarter": "Q3 2025",
      "revenue": 2031920202.0197425,
      "earnings": 81991303.96695301,
      "eps_actual": 0.0264638647536142,
      "eps_estimate": 0.026624415133031282,
      "surprise_percent": -0.6030193663029931,
      "price_on_date": 11.544485479872328,
      "revenue_growth": 18.345325132499248,
      "earnings_growth": 18.23220465193362
    },
    {
      "date": "2025-04-29",
      "quarter": "Q2 2025",
      "revenue": 1930324191.9187553,
      "earnings": 77891738.76860535,
      "eps_actual": 0.025140671515933487,
      "eps_estimate": 0.025606828860181678,
      "surprise_percent": -1.8204415189147456,
      "price_on_date": 12.736520925556384,
      "revenue_growth": 14.735342850840459,
      "earnings_growth": 14.06241519591529
    },
    {
      "date": "2025-01-29",
      "quarter": "Q1 2025",
      "revenue": 1833807982.3228176,
      "earnings": 73997151.83017509,
      "eps_actual": 0.023883637940136815,
      "eps_estimate": 0.02413256195387554,
      "surprise_percent": -1.0314860652362308,
      "price_on_date": 10.413805157293964,
      "revenue_growth": 18.227919672527584,
      "earnings_growth": 21.711829771892642
    },
    {
      "date": "2024-10-31",
      "quarter": "Q4 2024",
      "revenue": 1742117583.2066765,
      "earnings": 70297294.23866633,
      "eps_actual": 0.022689456043129972,
      "eps_estimate": 0.02271197388386457,
      "surprise_percent": -0.09914523876146748,
      "price_on_date": 10.888036299859698,
      "revenue_growth": 20.078559206596807,
      "earnings_growth": 13.557112276580968
    },
    {
      "date": "2024-08-02",
      "quarter": "Q3 2024",
      "revenue": 1655011704.0463426,
      "earnings": 66782429.526733,
      "eps_actual": 0.02155498324097347,
      "eps_estimate": 0.02090987980133975,
      "surprise_percent": 3.0851609180096093,
      "price_on_date": 9.738758362197187,
      "revenue_growth": 18.65990061744548,
      "earnings_growth": 20.431016000479048
    },
    {
      "date": "2024-05-04",
      "quarter": "Q2 2024",
      "revenue": 1572261118.8440254,
      "earnings": 63443308.05039635,
      "eps_actual": 0.020477234078924798,
      "eps_estimate": 0.020711027824438507,
      "surprise_percent": -1.1288370016954852,
      "price_on_date": 10.22717798108291,
      "revenue_growth": 19.22056095387338,
      "earnings_growth": 12.166534944644365
    },
    {
      "date": "2024-02-04",
      "quarter": "Q1 2024",
      "revenue": 1493648062.901824,
      "earnings": 60271142.64787653,
      "eps_actual": 0.019453372374978555,
      "eps_estimate": 0.019055004180318684,
      "surprise_percent": 2.090622446944059,
      "price_on_date": 9.332020143636475,
      "revenue_growth": 18.180828985490578,
      "earnings_growth": 18.74251387212672
    },
    {
      "date": "2023-11-06",
      "quarter": "Q4 2023",
      "revenue": 1418965659.7567327,
      "earnings": 57257585.5154827,
      "eps_actual": 0.01848070375622963,
      "eps_estimate": 0.018554084822336444,
      "surprise_percent": -0.3954981709390219,
      "price_on_date": 9.060131141494917,
      "revenue_growth": 14.49865477648288,
      "earnings_growth": 14.074424897975316
    }
  ],
  "metrics": {
    "revenue_trend": [
      {
        "date": "2025-07-28",
        "value": 2031920202.0197425
      },
      {
        "date": "2025-04-29",
        "value": 1930324191.9187553
      },
      {
        "date": "2025-01-29",
        "value": 1833807982.3228176
      },
      {
        "date": "2024-10-31",
        "value": 1742117583.2066765
      },
      {
        "date": "2024-08-02",
        "value": 1655011704.0463426
      },
      {
        "date": "2024-05-04",
        "value": 1572261118.8440254
      },
      {
        "date": "2024-02-04",
        "value": 1493648062.901824
      },
      {
        "date": "2023-11-06",
        "value": 1418965659.7567327
      }
    ],
    "eps_trend": [
      {
        "date": "2025-07-28",
        "value": 0.0264638647536142
      },
      {
        "date": "2025-04-29",
        "value": 0.025140671515933487
      },
      {
        "date": "2025-01-29",
        "value": 0.023883637940136815
      },
      {
        "date": "2024-10-31",
        "value": 0.022689456043129972
      },
      {
        "date": "2024-08-02",
        "value": 0.02155498324097347
      },
      {
        "date": "2024-05-04",
        "value": 0.020477234078924798
      },
      {
        "date": "2024-02-04",
        "value": 0.019453372374978555
      },
      {
        "date": "2023-11-06",
        "value": 0.01848070375622963
      }
    ],
    "earnings_dates": [
      "2025-07-28",
      "2025-04-29",
      "2025-01-29",
      "2024-10-31",
      "2024-08-02",
      "2024-05-04",
      "2024-02-04",
      "2023-11-06"
    ]
  },
  "analysis": {
    "avg_revenue_growth": 17.846786715616027,
    "avg_earnings_surprise": -0.8885230473038592,
    "consistency_score": 95,
    "trend_direction": "growing"
  }
}