{
  "ticker": "URI",
  "quarters": [
    {
      "date": "2025-07-28",
      "quarter": "Q3 2025",
      "revenue": 1914074421.4464324,
      "earnings": 201654853.74463964,
      "eps_actual": 0.04501895514484823,
      "eps_estimate": 0.044556137395483725,
      "surprise_percent": 1.0387295138635988,
      "price_on_date": 11.16694408083933,
      "revenue_growth": 18.106470389003768,
      "earnings_growth": 18.668313012626452
    },
    {
      "date": "2025-04-29",
      "quarter": "Q2 2025",
      "revenue": 1818370700.3741107,
      "earnings": 191572111.05740765,
      "eps_actual": 0.04276800738760582,
      "eps_estimate": 0.04181949963630323,
      "surprise_percent": 2.2680992349301032,
      "price_on_date": 11.861870964877829,
      "revenue_growth": 18.190996700293613,
      "earnings_growth": 19.997373635551305
    },
    {
      "date": "2025-01-29",
      "quarter": "Q1 2025",
      "revenue": 1727452165.355405,
      "earnings": 181993505.50453725,
      "eps_actual": 0.04062960701822552,
      "eps_estimate": 0.03895042712763285,
      "surprise_percent": 4.3110692601401555,
      "price_on_date": 11.22994980687595,
      "revenue_growth": 16.295512805403533,
      "earnings_growth": 16.528968533174684
    },
    {
      "date": "2024-10-31",
      "quarter": "Q4 2024",
      "revenue": 1641079557.0876348,
      "earnings": 172893830.2293104,
      "eps_actual": 0.03859812666731425,
      "eps_estimate": 0.03692722511764012,
      "surprise_percent": 4.524850010665814,
      "price_on_date": 9.564544448760099,
      "revenue_growth": 13.312618242274079,
      "earnings_growth": 15.464273859576624
    },
    {
      "date": "2024-08-02",
      "quarter": "Q3 2024",
      "revenue": 1559025579.233253,
      "earnings": 164249138.71784487,
      "eps_actual": 0.03666822033394854,
      "eps_estimate": 0.037277621026890854,
      "surprise_percent": -1.6347628313049158,
      "price_on_date": 10.191836339074676,
      "revenue_growth": 15.11650246257092,
      "earnings_growth": 14.448694071557412
    },
    {
      "date": "2024-05-04",
      "quarter": "Q2 2024",
      "revenue": 1481074300.27159,
      "earnings": 156036681.7819526,
      "eps_actual": 0.0348348093172511,
      "eps_estimate": 0.03359765500670824,
      "surprise_percent": 3.6822638672128885,
      "price_on_date": 9.355248554141246,
      "revenue_growth": 17.58667862607327,
      "earnings_growth": 20.151875051569153
    },
    {
      "date": "2024-02-04",
      "quarter": "Q1 2024",
      "revenue": 1407020585.2580106,
      "earnings": 148234847.69285497,
      "eps_actual": 0.033093068851388546,
      "eps_estimate": 0.033596910916590034,
      "surprise_percent": -1.4996678309275513,
      "price_on_date": 7.9847015192268165,
      "revenue_growth": 16.281782577967117,
      "earnings_growth": 11.734199694105522
    },
    {
      "date": "2023-11-06",
      "quarter": "Q4 2023",
      "revenue": 1336669555.99511,
      "earnings": 140823105.30821222,
      "eps_actual": 0.03143841540881912,
      "eps_estimate": 0.031294401779383724,
      "surprise_percent": 0.46018975039258303,
      "price_on_date": 8.654252107245142,
      "revenue_growth": 18.07205393026509,
      "earnings_growth": 17.624481564599094
    }
  ],
  "metrics": {
    "revenue_trend": [
      {
        "date": "2025-07-28",
        "value": 1914074421.4464324
      },
      {
        "date": "2025-04-29",
        "value": 1818370700.3741107
      },
      {
        "date": "2025-01-29",
        "value": 1727452165.355405
      },
      {
        "date": "2024-10-31",
        "value": 1641079557.0876348
      },
      {
        "date": "2024-08-02",
        "value": 1559025579.233253
      },
      {
        "date": "2024-05-04",
        "value": 1481074300.27159
      },
      {
        "date": "2024-02-04",
        "value": 1407020585.2580106
      },
      {
        "date": "2023-11-06",
        "value": 1336669555.99511
      }
    ],
    "eps_trend": [
      {
        "date": "2025-07-28",
        "value": 0.04501895514484823
      },
      {
        "date": "2025-04-29",
        "value": 0.04276800738760582
      },
      {
        "date": "2025-01-29",
        "value": 0.04062960701822552
      },
      {
        "date": "2024-10-31",
        "value": 0.03859812666731425
      },
      {
        "date": "2024-08-02",
        "value": 0.03666822033394854
      },
      {
        "date": "2024-05-04",
        "value": 0.0348348093172511
      },
      {
        "date": "2024-02-04",
        "value": 0.033093068851388546
      },
      {
        "date": "2023-11-06",
        "value": 0.03143841540881912
      }
    ],
    "earnings_dates": [
      "2025-07-28",
      "2025-04-29",
      "2025-01-29",
      "2024-10-31",
      "2024-08-02",
      "2024-05-04",
      "2024-02-04",
      "2023-11-06"
    ]
  },
  "analysis": {
    "avg_revenue_growth": 16.47639953424375,
    "avg_earnings_surprise": 3.035687004899918,
    "consistency_score": 86,
    "trend_direction": "growing"
  }
}