{
  "ticker": "USB",
  "quarters": [
    {
      "date": "2025-07-28",
      "quarter": "Q3 2025",
      "revenue": 187055007.29663676,
      "earnings": 10867358.245316055,
      "eps_actual": 0.0027537758904993145,
      "eps_estimate": 0.002699373873507052,
      "surprise_percent": 2.0153568768739265,
      "price_on_date": 21.47553904540478,
      "revenue_growth": 47.43446188909701,
      "earnings_growth": 48.831845711025395
    },
    {
      "date": "2025-04-29",
      "quarter": "Q2 2025",
      "revenue": 177702256.93180493,
      "earnings": 10323990.333050251,
      "eps_actual": 0.0026160870959743483,
      "eps_estimate": 0.002651052397806586,
      "surprise_percent": -1.3189215671922245,
      "price_on_date": 23.389698957605898,
      "revenue_growth": 47.133851785271226,
      "earnings_growth": 55.926147817302315
    },
    {
      "date": "2025-01-29",
      "quarter": "Q1 2025",
      "revenue": 168817144.08521467,
      "earnings": 9807790.816397738,
      "eps_actual": 0.0024852827411756305,
      "eps_estimate": 0.0024049099101861346,
      "surprise_percent": 3.342030844859186,
      "price_on_date": 22.256576680344313,
      "revenue_growth": 48.801524808939156,
      "earnings_growth": 48.97999359951398
    },
    {
      "date": "2024-10-31",
      "quarter": "Q4 2024",
      "revenue": 160376286.8809539,
      "earnings": 9317401.275577849,
      "eps_actual": 0.0023610186041168484,
      "eps_estimate": 0.0024003616261991717,
      "surprise_percent": -1.6390456193311396,
      "price_on_date": 19.095822989331936,
      "revenue_growth": 55.33619061893424,
      "earnings_growth": 61.291166002291725
    },
    {
      "date": "2024-08-02",
      "quarter": "Q3 2024",
      "revenue": 152357472.5369062,
      "earnings": 8851531.211798957,
      "eps_actual": 0.0022429676739110062,
      "eps_estimate": 0.002147321806912697,
      "surprise_percent": 4.454193437164578,
      "price_on_date": 17.80030080506275,
      "revenue_growth": 44.81127768503723,
      "earnings_growth": 54.3593436762138
    },
    {
      "date": "2024-05-04",
      "quarter": "Q2 2024",
      "revenue": 144739598.91006088,
      "earnings": 8408954.651209008,
      "eps_actual": 0.0021308192902154558,
      "eps_estimate": 0.002137202052568953,
      "surprise_percent": -0.2986503941368141,
      "price_on_date": 16.606446057320024,
      "revenue_growth": 41.247739552084575,
      "earnings_growth": 63.856031988401405
    },
    {
      "date": "2024-02-04",
      "quarter": "Q1 2024",
      "revenue": 137502618.96455786,
      "earnings": 7988506.918648559,
      "eps_actual": 0.0020242783257046833,
      "eps_estimate": 0.002054323219408951,
      "surprise_percent": -1.4625202801782975,
      "price_on_date": 15.892881147230637,
      "revenue_growth": 44.845138210911635,
      "earnings_growth": 54.578765016864196
    },
    {
      "date": "2023-11-06",
      "quarter": "Q4 2023",
      "revenue": 130627488.01632994,
      "earnings": 7589081.57271613,
      "eps_actual": 0.0019230644094194488,
      "eps_estimate": 0.0019004115990676356,
      "surprise_percent": 1.1919949532473337,
      "price_on_date": 17.473978368479663,
      "revenue_growth": 58.54108461711997,
      "earnings_growth": 39.292493925753746
    }
  ],
  "metrics": {
    "revenue_trend": [
      {
        "date": "2025-07-28",
        "value": 187055007.29663676
      },
      {
        "date": "2025-04-29",
        "value": 177702256.93180493
      },
      {
        "date": "2025-01-29",
        "value": 168817144.08521467
      },
      {
        "date": "2024-10-31",
        "value": 160376286.8809539
      },
      {
        "date": "2024-08-02",
        "value": 152357472.5369062
      },
      {
        "date": "2024-05-04",
        "value": 144739598.91006088
      },
      {
        "date": "2024-02-04",
        "value": 137502618.96455786
      },
      {
        "date": "2023-11-06",
        "value": 130627488.01632994
      }
    ],
    "eps_trend": [
      {
        "date": "2025-07-28",
        "value": 0.0027537758904993145
      },
      {
        "date": "2025-04-29",
        "value": 0.0026160870959743483
      },
      {
        "date": "2025-01-29",
        "value": 0.0024852827411756305
      },
      {
        "date": "2024-10-31",
        "value": 0.0023610186041168484
      },
      {
        "date": "2024-08-02",
        "value": 0.0022429676739110062
      },
      {
        "date": "2024-05-04",
        "value": 0.0021308192902154558
      },
      {
        "date": "2024-02-04",
        "value": 0.0020242783257046833
      },
      {
        "date": "2023-11-06",
        "value": 0.0019230644094194488
      }
    ],
    "earnings_dates": [
      "2025-07-28",
      "2025-04-29",
      "2025-01-29",
      "2024-10-31",
      "2024-08-02",
      "2024-05-04",
      "2024-02-04",
      "2023-11-06"
    ]
  },
  "analysis": {
    "avg_revenue_growth": 49.676507275560404,
    "avg_earnings_surprise": 0.5998551338024372,
    "consistency_score": 85,
    "trend_direction": "growing"
  }
}