{
  "ticker": "V",
  "quarters": [
    {
      "date": "2025-07-28",
      "quarter": "Q3 2025",
      "revenue": 67700174606.73854,
      "earnings": 4009664748.188648,
      "eps_actual": 1.0430524186347112,
      "eps_estimate": 1.022042581489494,
      "surprise_percent": 2.0556714099522253,
      "price_on_date": 539.5096295521968,
      "revenue_growth": 52.88804207460175,
      "earnings_growth": 36.29845336920681
    },
    {
      "date": "2025-04-29",
      "quarter": "Q2 2025",
      "revenue": 64315165876.40161,
      "earnings": 3809181510.779216,
      "eps_actual": 0.9908997977029755,
      "eps_estimate": 0.9894894477740925,
      "surprise_percent": 0.14253309442113388,
      "price_on_date": 523.097287536253,
      "revenue_growth": 38.68527652706476,
      "earnings_growth": 53.26902424259402
    },
    {
      "date": "2025-01-29",
      "quarter": "Q1 2025",
      "revenue": 61099407582.58153,
      "earnings": 3618722435.240255,
      "eps_actual": 0.9413548078178268,
      "eps_estimate": 0.9395718441623394,
      "surprise_percent": 0.18976341900463511,
      "price_on_date": 505.8705671993777,
      "revenue_growth": 41.761206268397764,
      "earnings_growth": 38.711645864849416
    },
    {
      "date": "2024-10-31",
      "quarter": "Q4 2024",
      "revenue": 58044437203.452446,
      "earnings": 3437786313.4782414,
      "eps_actual": 0.8942870674269352,
      "eps_estimate": 0.8719084782300195,
      "surprise_percent": 2.5666213548404078,
      "price_on_date": 489.9475499955925,
      "revenue_growth": 48.78718361606787,
      "earnings_growth": 40.915489164524985
    },
    {
      "date": "2024-08-02",
      "quarter": "Q3 2024",
      "revenue": 55142215343.27982,
      "earnings": 3265896997.8043294,
      "eps_actual": 0.8495727140555885,
      "eps_estimate": 0.8374350736556498,
      "surprise_percent": 1.4493828574619327,
      "price_on_date": 497.5249261951357,
      "revenue_growth": 39.43352186277139,
      "earnings_growth": 37.46212842524229
    },
    {
      "date": "2024-05-04",
      "quarter": "Q2 2024",
      "revenue": 52385104576.11583,
      "earnings": 3102602147.914113,
      "eps_actual": 0.8070940783528091,
      "eps_estimate": 0.7883561254643672,
      "surprise_percent": 2.376838624473765,
      "price_on_date": 440.10123054411235,
      "revenue_growth": 38.98355268458566,
      "earnings_growth": 50.71691971289983
    },
    {
      "date": "2024-02-04",
      "quarter": "Q1 2024",
      "revenue": 49765849347.310036,
      "earnings": 2947472040.518407,
      "eps_actual": 0.7667393744351685,
      "eps_estimate": 0.7743532568737194,
      "surprise_percent": -0.9832569787709361,
      "price_on_date": 427.57308320352774,
      "revenue_growth": 53.41723162082953,
      "earnings_growth": 52.21949983624622
    },
    {
      "date": "2023-11-06",
      "quarter": "Q4 2023",
      "revenue": 47277556879.94453,
      "earnings": 2800098438.4924865,
      "eps_actual": 0.7284024057134101,
      "eps_estimate": 0.7416143025040537,
      "surprise_percent": -1.7815051228156957,
      "price_on_date": 392.36924459300536,
      "revenue_growth": 38.688480083324635,
      "earnings_growth": 43.61485839293907
    }
  ],
  "metrics": {
    "revenue_trend": [
      {
        "date": "2025-07-28",
        "value": 67700174606.73854
      },
      {
        "date": "2025-04-29",
        "value": 64315165876.40161
      },
      {
        "date": "2025-01-29",
        "value": 61099407582.58153
      },
      {
        "date": "2024-10-31",
        "value": 58044437203.452446
      },
      {
        "date": "2024-08-02",
        "value": 55142215343.27982
      },
      {
        "date": "2024-05-04",
        "value": 52385104576.11583
      },
      {
        "date": "2024-02-04",
        "value": 49765849347.310036
      },
      {
        "date": "2023-11-06",
        "value": 47277556879.94453
      }
    ],
    "eps_trend": [
      {
        "date": "2025-07-28",
        "value": 1.0430524186347112
      },
      {
        "date": "2025-04-29",
        "value": 0.9908997977029755
      },
      {
        "date": "2025-01-29",
        "value": 0.9413548078178268
      },
      {
        "date": "2024-10-31",
        "value": 0.8942870674269352
      },
      {
        "date": "2024-08-02",
        "value": 0.8495727140555885
      },
      {
        "date": "2024-05-04",
        "value": 0.8070940783528091
      },
      {
        "date": "2024-02-04",
        "value": 0.7667393744351685
      },
      {
        "date": "2023-11-06",
        "value": 0.7284024057134101
      }
    ],
    "earnings_dates": [
      "2025-07-28",
      "2025-04-29",
      "2025-01-29",
      "2024-10-31",
      "2024-08-02",
      "2024-05-04",
      "2024-02-04",
      "2023-11-06"
    ]
  },
  "analysis": {
    "avg_revenue_growth": 45.53042712153303,
    "avg_earnings_surprise": 1.2386473195546004,
    "consistency_score": 67,
    "trend_direction": "growing"
  }
}