{
  "ticker": "VEEV",
  "quarters": [
    {
      "date": "2025-07-28",
      "quarter": "Q3 2025",
      "revenue": 2394581081.839596,
      "earnings": 328434829.4680692,
      "eps_actual": 0.06892324214497579,
      "eps_estimate": 0.06560508644259544,
      "surprise_percent": 5.05777201480215,
      "price_on_date": 13.82867531684345,
      "revenue_growth": 15.19809978599554,
      "earnings_growth": 13.85838475978291
    },
    {
      "date": "2025-04-29",
      "quarter": "Q2 2025",
      "revenue": 2274852027.747616,
      "earnings": 312013087.9946657,
      "eps_actual": 0.065477080037727,
      "eps_estimate": 0.06475519771001766,
      "surprise_percent": 1.1147866939454398,
      "price_on_date": 13.407553870553793,
      "revenue_growth": 17.643799365271267,
      "earnings_growth": 15.198267150613331
    },
    {
      "date": "2025-01-29",
      "quarter": "Q1 2025",
      "revenue": 2161109426.360235,
      "earnings": 296412433.59493244,
      "eps_actual": 0.06220322603584065,
      "eps_estimate": 0.06009345545063315,
      "surprise_percent": 3.5108158939881173,
      "price_on_date": 11.971858325149215,
      "revenue_growth": 17.75888257031157,
      "earnings_growth": 16.871362392346118
    },
    {
      "date": "2024-10-31",
      "quarter": "Q4 2024",
      "revenue": 2053053955.0422232,
      "earnings": 281591811.91518575,
      "eps_actual": 0.05909306473404861,
      "eps_estimate": 0.05832102651802179,
      "surprise_percent": 1.323773366348841,
      "price_on_date": 11.456476626956725,
      "revenue_growth": 14.320200036003536,
      "earnings_growth": 17.746874721008975
    },
    {
      "date": "2024-08-02",
      "quarter": "Q3 2024",
      "revenue": 1950401257.290112,
      "earnings": 267512221.31942648,
      "eps_actual": 0.05613841149734618,
      "eps_estimate": 0.05590948799563858,
      "surprise_percent": 0.4094537616324729,
      "price_on_date": 10.461727807427957,
      "revenue_growth": 15.971070241919465,
      "earnings_growth": 14.181580292452141
    },
    {
      "date": "2024-05-04",
      "quarter": "Q2 2024",
      "revenue": 1852881194.425606,
      "earnings": 254136610.2534551,
      "eps_actual": 0.05333149092247886,
      "eps_estimate": 0.050744081585081605,
      "surprise_percent": 5.098938155100899,
      "price_on_date": 10.413299073406673,
      "revenue_growth": 19.972566389591925,
      "earnings_growth": 16.06074293976649
    },
    {
      "date": "2024-02-04",
      "quarter": "Q1 2024",
      "revenue": 1760237134.704326,
      "earnings": 241429779.74078238,
      "eps_actual": 0.050664916376354924,
      "eps_estimate": 0.04947680332388493,
      "surprise_percent": 2.4013537105305054,
      "price_on_date": 10.649208914659573,
      "revenue_growth": 17.835963207534498,
      "earnings_growth": 14.664558380040654
    },
    {
      "date": "2023-11-06",
      "quarter": "Q4 2023",
      "revenue": 1672225277.9691093,
      "earnings": 229358290.7537432,
      "eps_actual": 0.048131670557537164,
      "eps_estimate": 0.04894601073370854,
      "surprise_percent": -1.6637518849121513,
      "price_on_date": 8.792815129787302,
      "revenue_growth": 17.29121274858794,
      "earnings_growth": 13.354441947095479
    }
  ],
  "metrics": {
    "revenue_trend": [
      {
        "date": "2025-07-28",
        "value": 2394581081.839596
      },
      {
        "date": "2025-04-29",
        "value": 2274852027.747616
      },
      {
        "date": "2025-01-29",
        "value": 2161109426.360235
      },
      {
        "date": "2024-10-31",
        "value": 2053053955.0422232
      },
      {
        "date": "2024-08-02",
        "value": 1950401257.290112
      },
      {
        "date": "2024-05-04",
        "value": 1852881194.425606
      },
      {
        "date": "2024-02-04",
        "value": 1760237134.704326
      },
      {
        "date": "2023-11-06",
        "value": 1672225277.9691093
      }
    ],
    "eps_trend": [
      {
        "date": "2025-07-28",
        "value": 0.06892324214497579
      },
      {
        "date": "2025-04-29",
        "value": 0.065477080037727
      },
      {
        "date": "2025-01-29",
        "value": 0.06220322603584065
      },
      {
        "date": "2024-10-31",
        "value": 0.05909306473404861
      },
      {
        "date": "2024-08-02",
        "value": 0.05613841149734618
      },
      {
        "date": "2024-05-04",
        "value": 0.05333149092247886
      },
      {
        "date": "2024-02-04",
        "value": 0.050664916376354924
      },
      {
        "date": "2023-11-06",
        "value": 0.048131670557537164
      }
    ],
    "earnings_dates": [
      "2025-07-28",
      "2025-04-29",
      "2025-01-29",
      "2024-10-31",
      "2024-08-02",
      "2024-05-04",
      "2024-02-04",
      "2023-11-06"
    ]
  },
  "analysis": {
    "avg_revenue_growth": 16.23024543939548,
    "avg_earnings_surprise": 2.751786992271137,
    "consistency_score": 91,
    "trend_direction": "growing"
  }
}