{
  "ticker": "VICI",
  "quarters": [
    {
      "date": "2025-07-28",
      "quarter": "Q3 2025",
      "revenue": 439236888.0225639,
      "earnings": 78695647.23426475,
      "eps_actual": 0.016482919194535265,
      "eps_estimate": 0.015961663989871967,
      "surprise_percent": 3.265669575515727,
      "price_on_date": 18.600199042200643,
      "revenue_growth": 12.683908891099918,
      "earnings_growth": 14.128042981956053
    },
    {
      "date": "2025-04-29",
      "quarter": "Q2 2025",
      "revenue": 417275043.62143564,
      "earnings": 74760864.8725515,
      "eps_actual": 0.0156587732348085,
      "eps_estimate": 0.015590152102651089,
      "surprise_percent": 0.4401569125534215,
      "price_on_date": 19.34903332818206,
      "revenue_growth": 12.901389053900099,
      "earnings_growth": 15.767556439042101
    },
    {
      "date": "2025-01-29",
      "quarter": "Q1 2025",
      "revenue": 396411291.4403639,
      "earnings": 71022821.62892392,
      "eps_actual": 0.014875834573068075,
      "eps_estimate": 0.014665765320937718,
      "surprise_percent": 1.4323783828072674,
      "price_on_date": 19.033856403074473,
      "revenue_growth": 11.558691073200874,
      "earnings_growth": 14.237598965658377
    },
    {
      "date": "2024-10-31",
      "quarter": "Q4 2024",
      "revenue": 376590726.8683457,
      "earnings": 67471680.54747772,
      "eps_actual": 0.01413204284441467,
      "eps_estimate": 0.013569790219128514,
      "surprise_percent": 4.1434142769103515,
      "price_on_date": 17.51472009933885,
      "revenue_growth": 10.270840516047514,
      "earnings_growth": 15.589047519379212
    },
    {
      "date": "2024-08-02",
      "quarter": "Q3 2024",
      "revenue": 357761190.5249284,
      "earnings": 64098096.52010384,
      "eps_actual": 0.013425440702193937,
      "eps_estimate": 0.013338031490156048,
      "surprise_percent": 0.6553381741706057,
      "price_on_date": 16.446381957769013,
      "revenue_growth": 14.500314030411836,
      "earnings_growth": 11.360453484079697
    },
    {
      "date": "2024-05-04",
      "quarter": "Q2 2024",
      "revenue": 339873130.9986819,
      "earnings": 60893191.69409864,
      "eps_actual": 0.012754168667084238,
      "eps_estimate": 0.01250475295243137,
      "surprise_percent": 1.994567310539087,
      "price_on_date": 16.364585515236097,
      "revenue_growth": 13.515689520753181,
      "earnings_growth": 12.699388175980886
    },
    {
      "date": "2024-02-04",
      "quarter": "Q1 2024",
      "revenue": 322879474.4487478,
      "earnings": 57848532.10939371,
      "eps_actual": 0.012116460233730027,
      "eps_estimate": 0.012161031142310567,
      "surprise_percent": -0.3665059982082349,
      "price_on_date": 13.758843143614156,
      "revenue_growth": 13.823905689279641,
      "earnings_growth": 13.233945359541977
    },
    {
      "date": "2023-11-06",
      "quarter": "Q4 2023",
      "revenue": 306735500.7263104,
      "earnings": 54956105.50392401,
      "eps_actual": 0.011510637222043523,
      "eps_estimate": 0.011088446859024064,
      "surprise_percent": 3.807479698348105,
      "price_on_date": 12.870036123271872,
      "revenue_growth": 13.10411328510105,
      "earnings_growth": 10.698331808347806
    }
  ],
  "metrics": {
    "revenue_trend": [
      {
        "date": "2025-07-28",
        "value": 439236888.0225639
      },
      {
        "date": "2025-04-29",
        "value": 417275043.62143564
      },
      {
        "date": "2025-01-29",
        "value": 396411291.4403639
      },
      {
        "date": "2024-10-31",
        "value": 376590726.8683457
      },
      {
        "date": "2024-08-02",
        "value": 357761190.5249284
      },
      {
        "date": "2024-05-04",
        "value": 339873130.9986819
      },
      {
        "date": "2024-02-04",
        "value": 322879474.4487478
      },
      {
        "date": "2023-11-06",
        "value": 306735500.7263104
      }
    ],
    "eps_trend": [
      {
        "date": "2025-07-28",
        "value": 0.016482919194535265
      },
      {
        "date": "2025-04-29",
        "value": 0.0156587732348085
      },
      {
        "date": "2025-01-29",
        "value": 0.014875834573068075
      },
      {
        "date": "2024-10-31",
        "value": 0.01413204284441467
      },
      {
        "date": "2024-08-02",
        "value": 0.013425440702193937
      },
      {
        "date": "2024-05-04",
        "value": 0.012754168667084238
      },
      {
        "date": "2024-02-04",
        "value": 0.012116460233730027
      },
      {
        "date": "2023-11-06",
        "value": 0.011510637222043523
      }
    ],
    "earnings_dates": [
      "2025-07-28",
      "2025-04-29",
      "2025-01-29",
      "2024-10-31",
      "2024-08-02",
      "2024-05-04",
      "2024-02-04",
      "2023-11-06"
    ]
  },
  "analysis": {
    "avg_revenue_growth": 11.853707383562101,
    "avg_earnings_surprise": 2.3204047869466917,
    "consistency_score": 87,
    "trend_direction": "growing"
  }
}