{
  "ticker": "VLO",
  "quarters": [
    {
      "date": "2025-07-28",
      "quarter": "Q3 2025",
      "revenue": 1315579187.3297973,
      "earnings": 423705675.9767902,
      "eps_actual": 0.13037069627629697,
      "eps_estimate": 0.12675272010562463,
      "surprise_percent": 2.854357813905238,
      "price_on_date": 8.15719072912827,
      "revenue_growth": 11.174877086871023,
      "earnings_growth": 10.817733614290285
    },
    {
      "date": "2025-04-29",
      "quarter": "Q2 2025",
      "revenue": 1249800227.9633074,
      "earnings": 402520392.1779506,
      "eps_actual": 0.1238521614624821,
      "eps_estimate": 0.12558314795640818,
      "surprise_percent": -1.3783588977455288,
      "price_on_date": 7.580031271696296,
      "revenue_growth": 11.943574591280614,
      "earnings_growth": 10.47554928641966
    },
    {
      "date": "2025-01-29",
      "quarter": "Q1 2025",
      "revenue": 1187310216.565142,
      "earnings": 382394372.56905305,
      "eps_actual": 0.11765955338935798,
      "eps_estimate": 0.1148454435202669,
      "surprise_percent": 2.450345249086406,
      "price_on_date": 7.328286804669952,
      "revenue_growth": 8.953915040153232,
      "earnings_growth": 12.610507030999214
    },
    {
      "date": "2024-10-31",
      "quarter": "Q4 2024",
      "revenue": 1127944705.7368848,
      "earnings": 363274653.94060045,
      "eps_actual": 0.1117765757198901,
      "eps_estimate": 0.11358165932306188,
      "surprise_percent": -1.5892386270194954,
      "price_on_date": 7.82999881386226,
      "revenue_growth": 12.132367641866109,
      "earnings_growth": 7.451443426761422
    },
    {
      "date": "2024-08-02",
      "quarter": "Q3 2024",
      "revenue": 1071547470.4500406,
      "earnings": 345110921.2435704,
      "eps_actual": 0.10618774693389559,
      "eps_estimate": 0.104925601781326,
      "surprise_percent": 1.202895319294911,
      "price_on_date": 7.404831726026722,
      "revenue_growth": 11.795018657789273,
      "earnings_growth": 10.171209698880464
    },
    {
      "date": "2024-05-04",
      "quarter": "Q2 2024",
      "revenue": 1017970096.9275384,
      "earnings": 327855375.18139184,
      "eps_actual": 0.10087835958720079,
      "eps_estimate": 0.09795943754111473,
      "surprise_percent": 2.979725199893017,
      "price_on_date": 7.118496532903521,
      "revenue_growth": 8.68743999550229,
      "earnings_growth": 7.7064896100832705
    },
    {
      "date": "2024-02-04",
      "quarter": "Q1 2024",
      "revenue": 967071592.0811615,
      "earnings": 311462606.4223223,
      "eps_actual": 0.09583444160784076,
      "eps_estimate": 0.09255236150106268,
      "surprise_percent": 3.5461873187756474,
      "price_on_date": 6.216409349915784,
      "revenue_growth": 8.35325857630188,
      "earnings_growth": 8.4052190303214
    },
    {
      "date": "2023-11-06",
      "quarter": "Q4 2023",
      "revenue": 918718012.4771032,
      "earnings": 295889476.10120606,
      "eps_actual": 0.09104271952744869,
      "eps_estimate": 0.09124494484707424,
      "surprise_percent": -0.22162906664525525,
      "price_on_date": 5.812822753376138,
      "revenue_growth": 9.396413735462353,
      "earnings_growth": 13.120666120092288
    }
  ],
  "metrics": {
    "revenue_trend": [
      {
        "date": "2025-07-28",
        "value": 1315579187.3297973
      },
      {
        "date": "2025-04-29",
        "value": 1249800227.9633074
      },
      {
        "date": "2025-01-29",
        "value": 1187310216.565142
      },
      {
        "date": "2024-10-31",
        "value": 1127944705.7368848
      },
      {
        "date": "2024-08-02",
        "value": 1071547470.4500406
      },
      {
        "date": "2024-05-04",
        "value": 1017970096.9275384
      },
      {
        "date": "2024-02-04",
        "value": 967071592.0811615
      },
      {
        "date": "2023-11-06",
        "value": 918718012.4771032
      }
    ],
    "eps_trend": [
      {
        "date": "2025-07-28",
        "value": 0.13037069627629697
      },
      {
        "date": "2025-04-29",
        "value": 0.1238521614624821
      },
      {
        "date": "2025-01-29",
        "value": 0.11765955338935798
      },
      {
        "date": "2024-10-31",
        "value": 0.1117765757198901
      },
      {
        "date": "2024-08-02",
        "value": 0.10618774693389559
      },
      {
        "date": "2024-05-04",
        "value": 0.10087835958720079
      },
      {
        "date": "2024-02-04",
        "value": 0.09583444160784076
      },
      {
        "date": "2023-11-06",
        "value": 0.09104271952744869
      }
    ],
    "earnings_dates": [
      "2025-07-28",
      "2025-04-29",
      "2025-01-29",
      "2024-10-31",
      "2024-08-02",
      "2024-05-04",
      "2024-02-04",
      "2023-11-06"
    ]
  },
  "analysis": {
    "avg_revenue_growth": 11.051183590042745,
    "avg_earnings_surprise": 0.5842763845566551,
    "consistency_score": 84,
    "trend_direction": "growing"
  }
}