{
  "ticker": "VLTO",
  "quarters": [
    {
      "date": "2025-07-28",
      "quarter": "Q3 2025",
      "revenue": 801212987.6686075,
      "earnings": 53509455.046024226,
      "eps_actual": 0.012746789850254275,
      "eps_estimate": 0.012641516809099616,
      "surprise_percent": 0.8327564068805524,
      "price_on_date": 6.625250062520627,
      "revenue_growth": -2.2383853301266625,
      "earnings_growth": -2.6398831927525253
    },
    {
      "date": "2025-04-29",
      "quarter": "Q2 2025",
      "revenue": 761152338.2851771,
      "earnings": 50833982.29372302,
      "eps_actual": 0.012109450357741563,
      "eps_estimate": 0.012070334981244761,
      "surprise_percent": 0.3240620625490543,
      "price_on_date": 6.2996705896533385,
      "revenue_growth": -2.2522205161261084,
      "earnings_growth": -2.108084134214037
    },
    {
      "date": "2025-01-29",
      "quarter": "Q1 2025",
      "revenue": 723094721.3709183,
      "earnings": 48292283.17903687,
      "eps_actual": 0.011503977839854485,
      "eps_estimate": 0.011459930930582219,
      "surprise_percent": 0.38435580056352087,
      "price_on_date": 6.989223149101576,
      "revenue_growth": -2.2402584771326572,
      "earnings_growth": -3.0021777942125305
    },
    {
      "date": "2024-10-31",
      "quarter": "Q4 2024",
      "revenue": 686939985.3023722,
      "earnings": 45877669.020085014,
      "eps_actual": 0.010928778947861758,
      "eps_estimate": 0.010460196353293217,
      "surprise_percent": 4.479673026606382,
      "price_on_date": 6.2216842674667,
      "revenue_growth": -2.5381508090597507,
      "earnings_growth": -2.2142555152370966
    },
    {
      "date": "2024-08-02",
      "quarter": "Q3 2024",
      "revenue": 652592986.0372536,
      "earnings": 43583785.56908076,
      "eps_actual": 0.01038234000046867,
      "eps_estimate": 0.01006648434077575,
      "surprise_percent": 3.1376958330278364,
      "price_on_date": 6.063573072189176,
      "revenue_growth": -2.265910268051939,
      "earnings_growth": -2.120055438431247
    },
    {
      "date": "2024-05-04",
      "quarter": "Q2 2024",
      "revenue": 619963336.7353909,
      "earnings": 41404596.29062673,
      "eps_actual": 0.009863223000445237,
      "eps_estimate": 0.009554294191011798,
      "surprise_percent": 3.2334027323971606,
      "price_on_date": 5.261627355638015,
      "revenue_growth": -2.6504697174546905,
      "earnings_growth": -2.88317389785559
    },
    {
      "date": "2024-02-04",
      "quarter": "Q1 2024",
      "revenue": 588965169.8986213,
      "earnings": 39334366.476095386,
      "eps_actual": 0.009370061850422974,
      "eps_estimate": 0.009004973678202195,
      "surprise_percent": 4.05429471831246,
      "price_on_date": 5.0163368709266605,
      "revenue_growth": -2.2212327575043527,
      "earnings_growth": -2.641773512853427
    },
    {
      "date": "2023-11-06",
      "quarter": "Q4 2023",
      "revenue": 559516911.4036902,
      "earnings": 37367648.15229061,
      "eps_actual": 0.008901558757901825,
      "eps_estimate": 0.00879107552539682,
      "surprise_percent": 1.2567658210400539,
      "price_on_date": 5.224286360438088,
      "revenue_growth": -2.744473281450391,
      "earnings_growth": -2.5047656900724853
    }
  ],
  "metrics": {
    "revenue_trend": [
      {
        "date": "2025-07-28",
        "value": 801212987.6686075
      },
      {
        "date": "2025-04-29",
        "value": 761152338.2851771
      },
      {
        "date": "2025-01-29",
        "value": 723094721.3709183
      },
      {
        "date": "2024-10-31",
        "value": 686939985.3023722
      },
      {
        "date": "2024-08-02",
        "value": 652592986.0372536
      },
      {
        "date": "2024-05-04",
        "value": 619963336.7353909
      },
      {
        "date": "2024-02-04",
        "value": 588965169.8986213
      },
      {
        "date": "2023-11-06",
        "value": 559516911.4036902
      }
    ],
    "eps_trend": [
      {
        "date": "2025-07-28",
        "value": 0.012746789850254275
      },
      {
        "date": "2025-04-29",
        "value": 0.012109450357741563
      },
      {
        "date": "2025-01-29",
        "value": 0.011503977839854485
      },
      {
        "date": "2024-10-31",
        "value": 0.010928778947861758
      },
      {
        "date": "2024-08-02",
        "value": 0.01038234000046867
      },
      {
        "date": "2024-05-04",
        "value": 0.009863223000445237
      },
      {
        "date": "2024-02-04",
        "value": 0.009370061850422974
      },
      {
        "date": "2023-11-06",
        "value": 0.008901558757901825
      }
    ],
    "earnings_dates": [
      "2025-07-28",
      "2025-04-29",
      "2025-01-29",
      "2024-10-31",
      "2024-08-02",
      "2024-05-04",
      "2024-02-04",
      "2023-11-06"
    ]
  },
  "analysis": {
    "avg_revenue_growth": -2.317253783111295,
    "avg_earnings_surprise": 1.5052118241498773,
    "consistency_score": 81,
    "trend_direction": "stable"
  }
}