{
  "ticker": "VMC",
  "quarters": [
    {
      "date": "2025-07-28",
      "quarter": "Q3 2025",
      "revenue": 1804952301.4283402,
      "earnings": 22847135.599327166,
      "eps_actual": 0.059173831696752735,
      "eps_estimate": 0.05853371712486043,
      "surprise_percent": 1.0935826448999584,
      "price_on_date": 177.6568132288773,
      "revenue_growth": 40.55171063391698,
      "earnings_growth": 34.865495753560715
    },
    {
      "date": "2025-04-29",
      "quarter": "Q2 2025",
      "revenue": 1714704686.356923,
      "earnings": 21704778.819360808,
      "eps_actual": 0.0562151401119151,
      "eps_estimate": 0.05345592462380066,
      "surprise_percent": 5.161664506848564,
      "price_on_date": 173.34622316609415,
      "revenue_growth": 38.534529628473045,
      "earnings_growth": 38.91392588339085
    },
    {
      "date": "2025-01-29",
      "quarter": "Q1 2025",
      "revenue": 1628969452.039077,
      "earnings": 20619539.878392767,
      "eps_actual": 0.05340438310631934,
      "eps_estimate": 0.05288084065940281,
      "surprise_percent": 0.9900418381935114,
      "price_on_date": 172.9186666818194,
      "revenue_growth": 32.80160726859963,
      "earnings_growth": 47.8398711157728
    },
    {
      "date": "2024-10-31",
      "quarter": "Q4 2024",
      "revenue": 1547520979.437123,
      "earnings": 19588562.88447313,
      "eps_actual": 0.05073416395100338,
      "eps_estimate": 0.05133689427860922,
      "surprise_percent": -1.1740685448067385,
      "price_on_date": 155.92693074043214,
      "revenue_growth": 39.275802519332785,
      "earnings_growth": 30.80169692758244
    },
    {
      "date": "2024-08-02",
      "quarter": "Q3 2024",
      "revenue": 1470144930.4652667,
      "earnings": 18609134.74024947,
      "eps_actual": 0.0481974557534532,
      "eps_estimate": 0.04675439631126949,
      "surprise_percent": 3.086467917533309,
      "price_on_date": 134.94874804414323,
      "revenue_growth": 44.76967304464467,
      "earnings_growth": 42.527469204950464
    },
    {
      "date": "2024-05-04",
      "quarter": "Q2 2024",
      "revenue": 1396637683.9420033,
      "earnings": 17678678.003236994,
      "eps_actual": 0.04578758296578053,
      "eps_estimate": 0.045708924947152126,
      "surprise_percent": 0.17208459555622826,
      "price_on_date": 148.84637699462056,
      "revenue_growth": 44.52046468115876,
      "earnings_growth": 43.06814813355094
    },
    {
      "date": "2024-02-04",
      "quarter": "Q1 2024",
      "revenue": 1326805799.744903,
      "earnings": 16794744.103075143,
      "eps_actual": 0.043498203817491504,
      "eps_estimate": 0.04165473153030557,
      "surprise_percent": 4.42560117292973,
      "price_on_date": 131.0718492017198,
      "revenue_growth": 34.66449211617597,
      "earnings_growth": 38.76661199992273
    },
    {
      "date": "2023-11-06",
      "quarter": "Q4 2023",
      "revenue": 1260465509.7576578,
      "earnings": 15955006.897921385,
      "eps_actual": 0.04132329362661693,
      "eps_estimate": 0.04109282697504589,
      "surprise_percent": 0.5608439928238386,
      "price_on_date": 135.71908989130498,
      "revenue_growth": 38.306373885441644,
      "earnings_growth": 27.551543407945537
    }
  ],
  "metrics": {
    "revenue_trend": [
      {
        "date": "2025-07-28",
        "value": 1804952301.4283402
      },
      {
        "date": "2025-04-29",
        "value": 1714704686.356923
      },
      {
        "date": "2025-01-29",
        "value": 1628969452.039077
      },
      {
        "date": "2024-10-31",
        "value": 1547520979.437123
      },
      {
        "date": "2024-08-02",
        "value": 1470144930.4652667
      },
      {
        "date": "2024-05-04",
        "value": 1396637683.9420033
      },
      {
        "date": "2024-02-04",
        "value": 1326805799.744903
      },
      {
        "date": "2023-11-06",
        "value": 1260465509.7576578
      }
    ],
    "eps_trend": [
      {
        "date": "2025-07-28",
        "value": 0.059173831696752735
      },
      {
        "date": "2025-04-29",
        "value": 0.0562151401119151
      },
      {
        "date": "2025-01-29",
        "value": 0.05340438310631934
      },
      {
        "date": "2024-10-31",
        "value": 0.05073416395100338
      },
      {
        "date": "2024-08-02",
        "value": 0.0481974557534532
      },
      {
        "date": "2024-05-04",
        "value": 0.04578758296578053
      },
      {
        "date": "2024-02-04",
        "value": 0.043498203817491504
      },
      {
        "date": "2023-11-06",
        "value": 0.04132329362661693
      }
    ],
    "earnings_dates": [
      "2025-07-28",
      "2025-04-29",
      "2025-01-29",
      "2024-10-31",
      "2024-08-02",
      "2024-05-04",
      "2024-02-04",
      "2023-11-06"
    ]
  },
  "analysis": {
    "avg_revenue_growth": 37.79091251258061,
    "avg_earnings_surprise": 1.5178051112838238,
    "consistency_score": 76,
    "trend_direction": "growing"
  }
}