{
  "ticker": "VRSK",
  "quarters": [
    {
      "date": "2025-07-28",
      "quarter": "Q3 2025",
      "revenue": 1729147837.614656,
      "earnings": 43954827.43731727,
      "eps_actual": 0.012607718467798136,
      "eps_estimate": 0.012519125892606049,
      "surprise_percent": 0.7076578345171105,
      "price_on_date": 25.05748581301102,
      "revenue_growth": 4.598278486736957,
      "earnings_growth": 3.9172206701027616
    },
    {
      "date": "2025-04-29",
      "quarter": "Q2 2025",
      "revenue": 1642690445.7339232,
      "earnings": 41757086.065451406,
      "eps_actual": 0.01197733254440823,
      "eps_estimate": 0.011518570783264443,
      "surprise_percent": 3.982801076417667,
      "price_on_date": 25.72812989130149,
      "revenue_growth": 5.266344886945608,
      "earnings_growth": 3.2313191364937546
    },
    {
      "date": "2025-01-29",
      "quarter": "Q1 2025",
      "revenue": 1560555923.447227,
      "earnings": 39669231.76217884,
      "eps_actual": 0.01137846591718782,
      "eps_estimate": 0.011284540879390289,
      "surprise_percent": 0.8323337103512312,
      "price_on_date": 21.404441924901803,
      "revenue_growth": 4.28877934017232,
      "earnings_growth": 5.488108074316971
    },
    {
      "date": "2024-10-31",
      "quarter": "Q4 2024",
      "revenue": 1482528127.2748654,
      "earnings": 37685770.17406989,
      "eps_actual": 0.010809542621328426,
      "eps_estimate": 0.01080048093776951,
      "surprise_percent": 0.083900741190391,
      "price_on_date": 23.506838322297085,
      "revenue_growth": 4.781164548749805,
      "earnings_growth": 4.564159125381673
    },
    {
      "date": "2024-08-02",
      "quarter": "Q3 2024",
      "revenue": 1408401720.911122,
      "earnings": 35801481.66536639,
      "eps_actual": 0.010269065490262004,
      "eps_estimate": 0.010023170804240939,
      "surprise_percent": 2.4532624538037724,
      "price_on_date": 19.728480688591453,
      "revenue_growth": 4.70755278175036,
      "earnings_growth": 4.694098280335616
    },
    {
      "date": "2024-05-04",
      "quarter": "Q2 2024",
      "revenue": 1337981634.8655658,
      "earnings": 34011407.58209807,
      "eps_actual": 0.009755612215748902,
      "eps_estimate": 0.009767896980853221,
      "surprise_percent": -0.12576673493178742,
      "price_on_date": 20.839195995532755,
      "revenue_growth": 4.29471592261025,
      "earnings_growth": 3.2465761835938185
    },
    {
      "date": "2024-02-04",
      "quarter": "Q1 2024",
      "revenue": 1271082553.1222875,
      "earnings": 32310837.202993166,
      "eps_actual": 0.009267831604961458,
      "eps_estimate": 0.008804612383874042,
      "surprise_percent": 5.261097262337397,
      "price_on_date": 18.772154174125426,
      "revenue_growth": 3.9956911973621003,
      "earnings_growth": 5.156473147334307
    },
    {
      "date": "2023-11-06",
      "quarter": "Q4 2023",
      "revenue": 1207528425.4661732,
      "earnings": 30695295.342843506,
      "eps_actual": 0.008804440024713384,
      "eps_estimate": 0.008579795343013593,
      "surprise_percent": 2.618298837194487,
      "price_on_date": 19.788492203963674,
      "revenue_growth": 3.6866007240390313,
      "earnings_growth": 5.095556915556382
    }
  ],
  "metrics": {
    "revenue_trend": [
      {
        "date": "2025-07-28",
        "value": 1729147837.614656
      },
      {
        "date": "2025-04-29",
        "value": 1642690445.7339232
      },
      {
        "date": "2025-01-29",
        "value": 1560555923.447227
      },
      {
        "date": "2024-10-31",
        "value": 1482528127.2748654
      },
      {
        "date": "2024-08-02",
        "value": 1408401720.911122
      },
      {
        "date": "2024-05-04",
        "value": 1337981634.8655658
      },
      {
        "date": "2024-02-04",
        "value": 1271082553.1222875
      },
      {
        "date": "2023-11-06",
        "value": 1207528425.4661732
      }
    ],
    "eps_trend": [
      {
        "date": "2025-07-28",
        "value": 0.012607718467798136
      },
      {
        "date": "2025-04-29",
        "value": 0.01197733254440823
      },
      {
        "date": "2025-01-29",
        "value": 0.01137846591718782
      },
      {
        "date": "2024-10-31",
        "value": 0.010809542621328426
      },
      {
        "date": "2024-08-02",
        "value": 0.010269065490262004
      },
      {
        "date": "2024-05-04",
        "value": 0.009755612215748902
      },
      {
        "date": "2024-02-04",
        "value": 0.009267831604961458
      },
      {
        "date": "2023-11-06",
        "value": 0.008804440024713384
      }
    ],
    "earnings_dates": [
      "2025-07-28",
      "2025-04-29",
      "2025-01-29",
      "2024-10-31",
      "2024-08-02",
      "2024-05-04",
      "2024-02-04",
      "2023-11-06"
    ]
  },
  "analysis": {
    "avg_revenue_growth": 4.733641815651173,
    "avg_earnings_surprise": 1.4016733406191,
    "consistency_score": 74,
    "trend_direction": "stable"
  }
}