{
  "ticker": "VRSN",
  "quarters": [
    {
      "date": "2025-07-28",
      "quarter": "Q3 2025",
      "revenue": 896412029.514967,
      "earnings": 82797497.1213959,
      "eps_actual": 0.05858668934838109,
      "eps_estimate": 0.05588081169572505,
      "surprise_percent": 4.842230401715954,
      "price_on_date": 3.64136169078494,
      "revenue_growth": 18.946647782706236,
      "earnings_growth": 25.703576058331578
    },
    {
      "date": "2025-04-29",
      "quarter": "Q2 2025",
      "revenue": 851591428.0392185,
      "earnings": 78657622.2653261,
      "eps_actual": 0.05565735488096203,
      "eps_estimate": 0.05547704564436069,
      "surprise_percent": 0.32501593137677814,
      "price_on_date": 3.545976122361389,
      "revenue_growth": 20.856044690387307,
      "earnings_growth": 24.377680183305163
    },
    {
      "date": "2025-01-29",
      "quarter": "Q1 2025",
      "revenue": 809011856.6372577,
      "earnings": 74724741.15205981,
      "eps_actual": 0.052874487136913936,
      "eps_estimate": 0.05361129299564265,
      "surprise_percent": -1.3743482344076245,
      "price_on_date": 3.3741614552927484,
      "revenue_growth": 20.22553816871497,
      "earnings_growth": 17.43100368154599
    },
    {
      "date": "2024-10-31",
      "quarter": "Q4 2024",
      "revenue": 768561263.8053946,
      "earnings": 70988504.09445679,
      "eps_actual": 0.050230762780068224,
      "eps_estimate": 0.049868717509251974,
      "surprise_percent": 0.7259967548776057,
      "price_on_date": 3.3566892714201497,
      "revenue_growth": 24.448004305916943,
      "earnings_growth": 17.50940746511173
    },
    {
      "date": "2024-08-02",
      "quarter": "Q3 2024",
      "revenue": 730133200.615125,
      "earnings": 67439078.88973396,
      "eps_actual": 0.04771922464106482,
      "eps_estimate": 0.045935429809963575,
      "surprise_percent": 3.8832657895677936,
      "price_on_date": 3.3526104318182153,
      "revenue_growth": 20.827761064555986,
      "earnings_growth": 21.532780065624667
    },
    {
      "date": "2024-05-04",
      "quarter": "Q2 2024",
      "revenue": 693626540.5843686,
      "earnings": 64067124.945247255,
      "eps_actual": 0.04533326340901157,
      "eps_estimate": 0.04511730859532999,
      "surprise_percent": 0.47865180881808594,
      "price_on_date": 3.141554579866855,
      "revenue_growth": 25.67978565612649,
      "earnings_growth": 23.52384780153297
    },
    {
      "date": "2024-02-04",
      "quarter": "Q1 2024",
      "revenue": 658945213.5551502,
      "earnings": 60863768.69798489,
      "eps_actual": 0.043066600238560994,
      "eps_estimate": 0.04207681690970025,
      "surprise_percent": 2.3523246327898057,
      "price_on_date": 2.9449621336711806,
      "revenue_growth": 20.16272042615384,
      "earnings_growth": 24.308479971002736
    },
    {
      "date": "2023-11-06",
      "quarter": "Q4 2023",
      "revenue": 625997952.8773926,
      "earnings": 57820580.26308565,
      "eps_actual": 0.04091327022663294,
      "eps_estimate": 0.040870425509936234,
      "surprise_percent": 0.10483061079531195,
      "price_on_date": 2.7780434766209083,
      "revenue_growth": 19.150675894429124,
      "earnings_growth": 20.532767653574908
    }
  ],
  "metrics": {
    "revenue_trend": [
      {
        "date": "2025-07-28",
        "value": 896412029.514967
      },
      {
        "date": "2025-04-29",
        "value": 851591428.0392185
      },
      {
        "date": "2025-01-29",
        "value": 809011856.6372577
      },
      {
        "date": "2024-10-31",
        "value": 768561263.8053946
      },
      {
        "date": "2024-08-02",
        "value": 730133200.615125
      },
      {
        "date": "2024-05-04",
        "value": 693626540.5843686
      },
      {
        "date": "2024-02-04",
        "value": 658945213.5551502
      },
      {
        "date": "2023-11-06",
        "value": 625997952.8773926
      }
    ],
    "eps_trend": [
      {
        "date": "2025-07-28",
        "value": 0.05858668934838109
      },
      {
        "date": "2025-04-29",
        "value": 0.05565735488096203
      },
      {
        "date": "2025-01-29",
        "value": 0.052874487136913936
      },
      {
        "date": "2024-10-31",
        "value": 0.050230762780068224
      },
      {
        "date": "2024-08-02",
        "value": 0.04771922464106482
      },
      {
        "date": "2024-05-04",
        "value": 0.04533326340901157
      },
      {
        "date": "2024-02-04",
        "value": 0.043066600238560994
      },
      {
        "date": "2023-11-06",
        "value": 0.04091327022663294
      }
    ],
    "earnings_dates": [
      "2025-07-28",
      "2025-04-29",
      "2025-01-29",
      "2024-10-31",
      "2024-08-02",
      "2024-05-04",
      "2024-02-04",
      "2023-11-06"
    ]
  },
  "analysis": {
    "avg_revenue_growth": 21.119058736931365,
    "avg_earnings_surprise": 1.1297237133906783,
    "consistency_score": 74,
    "trend_direction": "growing"
  }
}