{
  "ticker": "VRTX",
  "quarters": [
    {
      "date": "2025-07-28",
      "quarter": "Q3 2025",
      "revenue": 1898459667.6076238,
      "earnings": 31500345.456898645,
      "eps_actual": 0.09750058539072946,
      "eps_estimate": 0.09695942614364352,
      "surprise_percent": 0.558129589467899,
      "price_on_date": 264.7092786551081,
      "revenue_growth": -6.945197843540379,
      "earnings_growth": -9.627466386354365
    },
    {
      "date": "2025-04-29",
      "quarter": "Q2 2025",
      "revenue": 1803536684.2272425,
      "earnings": 29925328.18405371,
      "eps_actual": 0.092625556121193,
      "eps_estimate": 0.09069459508347658,
      "surprise_percent": 2.129080609422357,
      "price_on_date": 259.76983534987164,
      "revenue_growth": -8.739746701813136,
      "earnings_growth": -6.1639816899759525
    },
    {
      "date": "2025-01-29",
      "quarter": "Q1 2025",
      "revenue": 1713359850.0158803,
      "earnings": 28429061.774851024,
      "eps_actual": 0.08799427831513333,
      "eps_estimate": 0.08616357555010591,
      "surprise_percent": 2.1246829107768725,
      "price_on_date": 245.17414484521618,
      "revenue_growth": -9.401185691428925,
      "earnings_growth": -8.305009671910733
    },
    {
      "date": "2024-10-31",
      "quarter": "Q4 2024",
      "revenue": 1627691857.5150862,
      "earnings": 27007608.68610847,
      "eps_actual": 0.08359456439937665,
      "eps_estimate": 0.08246059956504169,
      "surprise_percent": 1.3751595796250988,
      "price_on_date": 242.9979440865973,
      "revenue_growth": -7.94835395401213,
      "earnings_growth": -6.181179703846011
    },
    {
      "date": "2024-08-02",
      "quarter": "Q3 2024",
      "revenue": 1546307264.6393318,
      "earnings": 25657228.251803048,
      "eps_actual": 0.07941483617940782,
      "eps_estimate": 0.0809437700278925,
      "surprise_percent": -1.888883910346435,
      "price_on_date": 226.08061018214838,
      "revenue_growth": -7.112994810284667,
      "earnings_growth": -7.113564107483148
    },
    {
      "date": "2024-05-04",
      "quarter": "Q2 2024",
      "revenue": 1468991901.407365,
      "earnings": 24374366.83921289,
      "eps_actual": 0.07544409437043742,
      "eps_estimate": 0.07441773389802431,
      "surprise_percent": 1.3791880223328878,
      "price_on_date": 199.6843249313708,
      "revenue_growth": -8.467057822613922,
      "earnings_growth": -6.552537685773811
    },
    {
      "date": "2024-02-04",
      "quarter": "Q1 2024",
      "revenue": 1395542306.3369968,
      "earnings": 23155648.49725225,
      "eps_actual": 0.07167188965191557,
      "eps_estimate": 0.06941002712209693,
      "surprise_percent": 3.2586970839816383,
      "price_on_date": 205.49130620557042,
      "revenue_growth": -8.978283547837208,
      "earnings_growth": -7.199852173110324
    },
    {
      "date": "2023-11-06",
      "quarter": "Q4 2023",
      "revenue": 1325765191.0201468,
      "earnings": 21997866.072389632,
      "eps_actual": 0.06808829516931977,
      "eps_estimate": 0.06689620351053412,
      "surprise_percent": 1.7820019615880578,
      "price_on_date": 196.26379734249673,
      "revenue_growth": -7.182819394000934,
      "earnings_growth": -9.65814601501561
    }
  ],
  "metrics": {
    "revenue_trend": [
      {
        "date": "2025-07-28",
        "value": 1898459667.6076238
      },
      {
        "date": "2025-04-29",
        "value": 1803536684.2272425
      },
      {
        "date": "2025-01-29",
        "value": 1713359850.0158803
      },
      {
        "date": "2024-10-31",
        "value": 1627691857.5150862
      },
      {
        "date": "2024-08-02",
        "value": 1546307264.6393318
      },
      {
        "date": "2024-05-04",
        "value": 1468991901.407365
      },
      {
        "date": "2024-02-04",
        "value": 1395542306.3369968
      },
      {
        "date": "2023-11-06",
        "value": 1325765191.0201468
      }
    ],
    "eps_trend": [
      {
        "date": "2025-07-28",
        "value": 0.09750058539072946
      },
      {
        "date": "2025-04-29",
        "value": 0.092625556121193
      },
      {
        "date": "2025-01-29",
        "value": 0.08799427831513333
      },
      {
        "date": "2024-10-31",
        "value": 0.08359456439937665
      },
      {
        "date": "2024-08-02",
        "value": 0.07941483617940782
      },
      {
        "date": "2024-05-04",
        "value": 0.07544409437043742
      },
      {
        "date": "2024-02-04",
        "value": 0.07167188965191557
      },
      {
        "date": "2023-11-06",
        "value": 0.06808829516931977
      }
    ],
    "earnings_dates": [
      "2025-07-28",
      "2025-04-29",
      "2025-01-29",
      "2024-10-31",
      "2024-08-02",
      "2024-05-04",
      "2024-02-04",
      "2023-11-06"
    ]
  },
  "analysis": {
    "avg_revenue_growth": -8.258621047698641,
    "avg_earnings_surprise": 1.5467631723230568,
    "consistency_score": 79,
    "trend_direction": "declining"
  }
}