{
  "ticker": "VST",
  "quarters": [
    {
      "date": "2025-07-28",
      "quarter": "Q3 2025",
      "revenue": 828274871.1459061,
      "earnings": 74466316.02877025,
      "eps_actual": 0.020085676462277605,
      "eps_estimate": 0.020125325960990093,
      "surprise_percent": -0.19701295168754923,
      "price_on_date": 18.888283531462513,
      "revenue_growth": 33.988756171243566,
      "earnings_growth": 33.66696524533375
    },
    {
      "date": "2025-04-29",
      "quarter": "Q2 2025",
      "revenue": 786861127.5886108,
      "earnings": 70743000.22733173,
      "eps_actual": 0.01908139263916372,
      "eps_estimate": 0.018327919065124293,
      "surprise_percent": 4.1110699548711604,
      "price_on_date": 18.33995421829519,
      "revenue_growth": 29.10002988474978,
      "earnings_growth": 27.545909395912123
    },
    {
      "date": "2025-01-29",
      "quarter": "Q1 2025",
      "revenue": 747518071.2091802,
      "earnings": 67205850.21596515,
      "eps_actual": 0.01812732300720554,
      "eps_estimate": 0.017365337936239858,
      "surprise_percent": 4.38796569213599,
      "price_on_date": 16.677256264379817,
      "revenue_growth": 23.381958535774523,
      "earnings_growth": 31.406317104774146
    },
    {
      "date": "2024-10-31",
      "quarter": "Q4 2024",
      "revenue": 710142167.6487211,
      "earnings": 63845557.70516688,
      "eps_actual": 0.017220956856845257,
      "eps_estimate": 0.016815217894494024,
      "surprise_percent": 2.412927176424445,
      "price_on_date": 18.118595900861923,
      "revenue_growth": 33.58738271567557,
      "earnings_growth": 36.20690790418602
    },
    {
      "date": "2024-08-02",
      "quarter": "Q3 2024",
      "revenue": 674635059.2662851,
      "earnings": 60653279.81990854,
      "eps_actual": 0.016359909014002996,
      "eps_estimate": 0.015692352914360677,
      "surprise_percent": 4.254021709079791,
      "price_on_date": 14.220370170291066,
      "revenue_growth": 23.466431633224904,
      "earnings_growth": 24.752423168722554
    },
    {
      "date": "2024-05-04",
      "quarter": "Q2 2024",
      "revenue": 640903306.3029708,
      "earnings": 57620615.82891311,
      "eps_actual": 0.015541913563302845,
      "eps_estimate": 0.014842191155566368,
      "surprise_percent": 4.714414471572512,
      "price_on_date": 16.377402989625192,
      "revenue_growth": 31.241485071180033,
      "earnings_growth": 28.2059227977652
    },
    {
      "date": "2024-02-04",
      "quarter": "Q1 2024",
      "revenue": 608858140.9878222,
      "earnings": 54739585.03746744,
      "eps_actual": 0.014764817885137699,
      "eps_estimate": 0.01480941627229678,
      "surprise_percent": -0.30114885245348005,
      "price_on_date": 14.976821783113976,
      "revenue_growth": 27.30510395225776,
      "earnings_growth": 29.039433807655172
    },
    {
      "date": "2023-11-06",
      "quarter": "Q4 2023",
      "revenue": 578415233.938431,
      "earnings": 52002605.78559407,
      "eps_actual": 0.014026576990880814,
      "eps_estimate": 0.014111255899999106,
      "surprise_percent": -0.6000806003262803,
      "price_on_date": 12.20606667133326,
      "revenue_growth": 28.986130545143325,
      "earnings_growth": 20.41626698819248
    }
  ],
  "metrics": {
    "revenue_trend": [
      {
        "date": "2025-07-28",
        "value": 828274871.1459061
      },
      {
        "date": "2025-04-29",
        "value": 786861127.5886108
      },
      {
        "date": "2025-01-29",
        "value": 747518071.2091802
      },
      {
        "date": "2024-10-31",
        "value": 710142167.6487211
      },
      {
        "date": "2024-08-02",
        "value": 674635059.2662851
      },
      {
        "date": "2024-05-04",
        "value": 640903306.3029708
      },
      {
        "date": "2024-02-04",
        "value": 608858140.9878222
      },
      {
        "date": "2023-11-06",
        "value": 578415233.938431
      }
    ],
    "eps_trend": [
      {
        "date": "2025-07-28",
        "value": 0.020085676462277605
      },
      {
        "date": "2025-04-29",
        "value": 0.01908139263916372
      },
      {
        "date": "2025-01-29",
        "value": 0.01812732300720554
      },
      {
        "date": "2024-10-31",
        "value": 0.017220956856845257
      },
      {
        "date": "2024-08-02",
        "value": 0.016359909014002996
      },
      {
        "date": "2024-05-04",
        "value": 0.015541913563302845
      },
      {
        "date": "2024-02-04",
        "value": 0.014764817885137699
      },
      {
        "date": "2023-11-06",
        "value": 0.014026576990880814
      }
    ],
    "earnings_dates": [
      "2025-07-28",
      "2025-04-29",
      "2025-01-29",
      "2024-10-31",
      "2024-08-02",
      "2024-05-04",
      "2024-02-04",
      "2023-11-06"
    ]
  },
  "analysis": {
    "avg_revenue_growth": 30.01453182686086,
    "avg_earnings_surprise": 2.678737467936011,
    "consistency_score": 89,
    "trend_direction": "growing"
  }
}