{
  "ticker": "VTR",
  "quarters": [
    {
      "date": "2025-07-28",
      "quarter": "Q3 2025",
      "revenue": 810291700.6634377,
      "earnings": 64366350.179179266,
      "eps_actual": 0.11204726416307437,
      "eps_estimate": 0.11428679139243919,
      "surprise_percent": -1.9595678573866964,
      "price_on_date": 175.6296643645717,
      "revenue_growth": 43.93139914730369,
      "earnings_growth": 47.74461985541506
    },
    {
      "date": "2025-04-29",
      "quarter": "Q2 2025",
      "revenue": 769777115.6302658,
      "earnings": 61148032.6702203,
      "eps_actual": 0.10644490095492065,
      "eps_estimate": 0.10725038312712357,
      "surprise_percent": -0.7510296455054889,
      "price_on_date": 146.2849230460862,
      "revenue_growth": 51.23251049325197,
      "earnings_growth": 51.03587664952759
    },
    {
      "date": "2025-01-29",
      "quarter": "Q1 2025",
      "revenue": 731288259.8487525,
      "earnings": 58090631.036709286,
      "eps_actual": 0.10112265590717462,
      "eps_estimate": 0.10111631558791222,
      "surprise_percent": 0.00627032267299076,
      "price_on_date": 141.1212808085407,
      "revenue_growth": 44.21370317325997,
      "earnings_growth": 56.52142446038945
    },
    {
      "date": "2024-10-31",
      "quarter": "Q4 2024",
      "revenue": 694723846.8563148,
      "earnings": 55186099.48487382,
      "eps_actual": 0.09606652311181588,
      "eps_estimate": 0.09282932709991414,
      "surprise_percent": 3.4872557122141794,
      "price_on_date": 135.5124759085206,
      "revenue_growth": 53.92592962680561,
      "earnings_growth": 36.46765056310582
    },
    {
      "date": "2024-08-02",
      "quarter": "Q3 2024",
      "revenue": 659987654.513499,
      "earnings": 52426794.51063012,
      "eps_actual": 0.09126319695622508,
      "eps_estimate": 0.09132821316525035,
      "surprise_percent": -0.07118962122649798,
      "price_on_date": 144.352302485527,
      "revenue_growth": 56.289776983926934,
      "earnings_growth": 44.2825522429062
    },
    {
      "date": "2024-05-04",
      "quarter": "Q2 2024",
      "revenue": 626988271.787824,
      "earnings": 49805454.78509861,
      "eps_actual": 0.08670003710841381,
      "eps_estimate": 0.08593431943442505,
      "surprise_percent": 0.8910499076833583,
      "price_on_date": 136.8441595351203,
      "revenue_growth": 57.65384952959903,
      "earnings_growth": 63.085818371876776
    },
    {
      "date": "2024-02-04",
      "quarter": "Q1 2024",
      "revenue": 595638858.1984328,
      "earnings": 47315182.045843676,
      "eps_actual": 0.08236503525299312,
      "eps_estimate": 0.08202241738200995,
      "surprise_percent": 0.41771247656291416,
      "price_on_date": 125.67953122413424,
      "revenue_growth": 51.19118622914021,
      "earnings_growth": 59.412850505163895
    },
    {
      "date": "2023-11-06",
      "quarter": "Q4 2023",
      "revenue": 565856915.2885112,
      "earnings": 44949422.943551496,
      "eps_actual": 0.07824678349034346,
      "eps_estimate": 0.07875293196569456,
      "surprise_percent": -0.6427042939450002,
      "price_on_date": 117.34309049462534,
      "revenue_growth": 58.681690810728526,
      "earnings_growth": 42.75041329451477
    }
  ],
  "metrics": {
    "revenue_trend": [
      {
        "date": "2025-07-28",
        "value": 810291700.6634377
      },
      {
        "date": "2025-04-29",
        "value": 769777115.6302658
      },
      {
        "date": "2025-01-29",
        "value": 731288259.8487525
      },
      {
        "date": "2024-10-31",
        "value": 694723846.8563148
      },
      {
        "date": "2024-08-02",
        "value": 659987654.513499
      },
      {
        "date": "2024-05-04",
        "value": 626988271.787824
      },
      {
        "date": "2024-02-04",
        "value": 595638858.1984328
      },
      {
        "date": "2023-11-06",
        "value": 565856915.2885112
      }
    ],
    "eps_trend": [
      {
        "date": "2025-07-28",
        "value": 0.11204726416307437
      },
      {
        "date": "2025-04-29",
        "value": 0.10644490095492065
      },
      {
        "date": "2025-01-29",
        "value": 0.10112265590717462
      },
      {
        "date": "2024-10-31",
        "value": 0.09606652311181588
      },
      {
        "date": "2024-08-02",
        "value": 0.09126319695622508
      },
      {
        "date": "2024-05-04",
        "value": 0.08670003710841381
      },
      {
        "date": "2024-02-04",
        "value": 0.08236503525299312
      },
      {
        "date": "2023-11-06",
        "value": 0.07824678349034346
      }
    ],
    "earnings_dates": [
      "2025-07-28",
      "2025-04-29",
      "2025-01-29",
      "2024-10-31",
      "2024-08-02",
      "2024-05-04",
      "2024-02-04",
      "2023-11-06"
    ]
  },
  "analysis": {
    "avg_revenue_growth": 48.32588561015531,
    "avg_earnings_surprise": 0.19573213299874626,
    "consistency_score": 80,
    "trend_direction": "growing"
  }
}