{
  "ticker": "VTRS",
  "quarters": [
    {
      "date": "2025-07-28",
      "quarter": "Q3 2025",
      "revenue": 727257529.3071204,
      "earnings": 139821244.26435885,
      "eps_actual": 0.05654422319231511,
      "eps_estimate": 0.05507473401385753,
      "surprise_percent": 2.6681729921525115,
      "price_on_date": 11.694312803621543,
      "revenue_growth": 4.0692600271289185,
      "earnings_growth": 3.8517480344392827
    },
    {
      "date": "2025-04-29",
      "quarter": "Q2 2025",
      "revenue": 690894652.8417643,
      "earnings": 132830182.05114087,
      "eps_actual": 0.053717012032699345,
      "eps_estimate": 0.05418247593774392,
      "surprise_percent": -0.8590672481992054,
      "price_on_date": 10.893255114503098,
      "revenue_growth": 5.608203496767145,
      "earnings_growth": 5.846308351863007
    },
    {
      "date": "2025-01-29",
      "quarter": "Q1 2025",
      "revenue": 656349920.1996762,
      "earnings": 126188672.94858384,
      "eps_actual": 0.051031161431064384,
      "eps_estimate": 0.05062247253929894,
      "surprise_percent": 0.807327005705169,
      "price_on_date": 10.430663520848078,
      "revenue_growth": 4.846721766669821,
      "earnings_growth": 5.38183044623205
    },
    {
      "date": "2024-10-31",
      "quarter": "Q4 2024",
      "revenue": 623532424.1896923,
      "earnings": 119879239.30115463,
      "eps_actual": 0.04847960335951115,
      "eps_estimate": 0.04621388342872881,
      "surprise_percent": 4.902682403387602,
      "price_on_date": 8.530579652231141,
      "revenue_growth": 5.404156638511121,
      "earnings_growth": 4.319471437540115
    },
    {
      "date": "2024-08-02",
      "quarter": "Q3 2024",
      "revenue": 592355802.9802077,
      "earnings": 113885277.33609691,
      "eps_actual": 0.046055623191535604,
      "eps_estimate": 0.04573326699110367,
      "surprise_percent": 0.7048615190658424,
      "price_on_date": 8.464551267007357,
      "revenue_growth": 5.945847207692088,
      "earnings_growth": 4.672378756385319
    },
    {
      "date": "2024-05-04",
      "quarter": "Q2 2024",
      "revenue": 562738012.8311973,
      "earnings": 108191013.46929206,
      "eps_actual": 0.04375284203195882,
      "eps_estimate": 0.04328789816792087,
      "surprise_percent": 1.0740735487649553,
      "price_on_date": 8.867668497845278,
      "revenue_growth": 4.998527926877164,
      "earnings_growth": 5.4369210519419084
    },
    {
      "date": "2024-02-04",
      "quarter": "Q1 2024",
      "revenue": 534601112.18963736,
      "earnings": 102781462.79582745,
      "eps_actual": 0.041565199930360876,
      "eps_estimate": 0.04141169736758256,
      "surprise_percent": 0.37067440490492903,
      "price_on_date": 7.726263467641995,
      "revenue_growth": 4.8887260092746345,
      "earnings_growth": 3.5264449520989944
    },
    {
      "date": "2023-11-06",
      "quarter": "Q4 2023",
      "revenue": 507871056.58015543,
      "earnings": 97642389.65603606,
      "eps_actual": 0.03948693993384283,
      "eps_estimate": 0.03865384233463683,
      "surprise_percent": 2.1552775840332834,
      "price_on_date": 7.626409950992893,
      "revenue_growth": 4.529405336014176,
      "earnings_growth": 5.183824110773747
    }
  ],
  "metrics": {
    "revenue_trend": [
      {
        "date": "2025-07-28",
        "value": 727257529.3071204
      },
      {
        "date": "2025-04-29",
        "value": 690894652.8417643
      },
      {
        "date": "2025-01-29",
        "value": 656349920.1996762
      },
      {
        "date": "2024-10-31",
        "value": 623532424.1896923
      },
      {
        "date": "2024-08-02",
        "value": 592355802.9802077
      },
      {
        "date": "2024-05-04",
        "value": 562738012.8311973
      },
      {
        "date": "2024-02-04",
        "value": 534601112.18963736
      },
      {
        "date": "2023-11-06",
        "value": 507871056.58015543
      }
    ],
    "eps_trend": [
      {
        "date": "2025-07-28",
        "value": 0.05654422319231511
      },
      {
        "date": "2025-04-29",
        "value": 0.053717012032699345
      },
      {
        "date": "2025-01-29",
        "value": 0.051031161431064384
      },
      {
        "date": "2024-10-31",
        "value": 0.04847960335951115
      },
      {
        "date": "2024-08-02",
        "value": 0.046055623191535604
      },
      {
        "date": "2024-05-04",
        "value": 0.04375284203195882
      },
      {
        "date": "2024-02-04",
        "value": 0.041565199930360876
      },
      {
        "date": "2023-11-06",
        "value": 0.03948693993384283
      }
    ],
    "earnings_dates": [
      "2025-07-28",
      "2025-04-29",
      "2025-01-29",
      "2024-10-31",
      "2024-08-02",
      "2024-05-04",
      "2024-02-04",
      "2023-11-06"
    ]
  },
  "analysis": {
    "avg_revenue_growth": 4.982085482269252,
    "avg_earnings_surprise": 1.8797787882615191,
    "consistency_score": 89,
    "trend_direction": "stable"
  }
}