{
  "ticker": "VZ",
  "quarters": [
    {
      "date": "2025-07-28",
      "quarter": "Q3 2025",
      "revenue": 101500255149.42444,
      "earnings": 5351455212.60851,
      "eps_actual": 5.561526688218521,
      "eps_estimate": 5.388833560288287,
      "surprise_percent": 3.20464764773688,
      "price_on_date": 3066.8939160711893,
      "revenue_growth": -16.006715617126304,
      "earnings_growth": -21.18596250737071
    },
    {
      "date": "2025-04-29",
      "quarter": "Q2 2025",
      "revenue": 96425242391.95322,
      "earnings": 5083882451.978085,
      "eps_actual": 5.283450353807595,
      "eps_estimate": 5.3480651212750745,
      "surprise_percent": -1.2081896162863888,
      "price_on_date": 3027.1340672242795,
      "revenue_growth": -23.813288928964646,
      "earnings_growth": -25.273356751816625
    },
    {
      "date": "2025-01-29",
      "quarter": "Q1 2025",
      "revenue": 91603980272.35555,
      "earnings": 4829688329.37918,
      "eps_actual": 5.019277836117215,
      "eps_estimate": 5.0456982756231445,
      "surprise_percent": -0.5236230559717007,
      "price_on_date": 2613.9662935168803,
      "revenue_growth": -20.440568497038313,
      "earnings_growth": -24.530462380208373
    },
    {
      "date": "2024-10-31",
      "quarter": "Q4 2024",
      "revenue": 87023781258.73776,
      "earnings": 4588203912.91022,
      "eps_actual": 4.768313944311354,
      "eps_estimate": 4.5708996252675105,
      "surprise_percent": 4.318937960320874,
      "price_on_date": 2614.11850334893,
      "revenue_growth": -16.835847658158176,
      "earnings_growth": -20.014172558740967
    },
    {
      "date": "2024-08-02",
      "quarter": "Q3 2024",
      "revenue": 82672592195.80087,
      "earnings": 4358793717.264709,
      "eps_actual": 4.529898247095786,
      "eps_estimate": 4.467956913411327,
      "surprise_percent": 1.3863458149860708,
      "price_on_date": 2608.3860550315608,
      "revenue_growth": -18.945662301032062,
      "earnings_growth": -23.50283878974223
    },
    {
      "date": "2024-05-04",
      "quarter": "Q2 2024",
      "revenue": 78538962586.01082,
      "earnings": 4140854031.401473,
      "eps_actual": 4.303403334740996,
      "eps_estimate": 4.215717928412898,
      "surprise_percent": 2.079963788305661,
      "price_on_date": 2328.4255519828944,
      "revenue_growth": -21.269089213914285,
      "earnings_growth": -21.7553605380434
    },
    {
      "date": "2024-02-04",
      "quarter": "Q1 2024",
      "revenue": 74612014456.71028,
      "earnings": 3933811329.8314,
      "eps_actual": 4.0882331680039465,
      "eps_estimate": 3.999900002789077,
      "surprise_percent": 2.2083843384403554,
      "price_on_date": 2112.4834573850967,
      "revenue_growth": -17.779107479106628,
      "earnings_growth": -25.232766850597205
    },
    {
      "date": "2023-11-06",
      "quarter": "Q4 2023",
      "revenue": 70881413733.87476,
      "earnings": 3737120763.339829,
      "eps_actual": 3.8838215096037483,
      "eps_estimate": 3.8493213854867623,
      "surprise_percent": 0.89626509875385,
      "price_on_date": 2134.542961495402,
      "revenue_growth": -21.386986340472717,
      "earnings_growth": -24.071017389097115
    }
  ],
  "metrics": {
    "revenue_trend": [
      {
        "date": "2025-07-28",
        "value": 101500255149.42444
      },
      {
        "date": "2025-04-29",
        "value": 96425242391.95322
      },
      {
        "date": "2025-01-29",
        "value": 91603980272.35555
      },
      {
        "date": "2024-10-31",
        "value": 87023781258.73776
      },
      {
        "date": "2024-08-02",
        "value": 82672592195.80087
      },
      {
        "date": "2024-05-04",
        "value": 78538962586.01082
      },
      {
        "date": "2024-02-04",
        "value": 74612014456.71028
      },
      {
        "date": "2023-11-06",
        "value": 70881413733.87476
      }
    ],
    "eps_trend": [
      {
        "date": "2025-07-28",
        "value": 5.561526688218521
      },
      {
        "date": "2025-04-29",
        "value": 5.283450353807595
      },
      {
        "date": "2025-01-29",
        "value": 5.019277836117215
      },
      {
        "date": "2024-10-31",
        "value": 4.768313944311354
      },
      {
        "date": "2024-08-02",
        "value": 4.529898247095786
      },
      {
        "date": "2024-05-04",
        "value": 4.303403334740996
      },
      {
        "date": "2024-02-04",
        "value": 4.0882331680039465
      },
      {
        "date": "2023-11-06",
        "value": 3.8838215096037483
      }
    ],
    "earnings_dates": [
      "2025-07-28",
      "2025-04-29",
      "2025-01-29",
      "2024-10-31",
      "2024-08-02",
      "2024-05-04",
      "2024-02-04",
      "2023-11-06"
    ]
  },
  "analysis": {
    "avg_revenue_growth": -19.27410517532186,
    "avg_earnings_surprise": 1.4479432339499163,
    "consistency_score": 64,
    "trend_direction": "declining"
  }
}