{
  "ticker": "WAB",
  "quarters": [
    {
      "date": "2025-07-28",
      "quarter": "Q3 2025",
      "revenue": 215954064.21171623,
      "earnings": 21499335.617300972,
      "eps_actual": 0.008846034521593518,
      "eps_estimate": 0.00895020016148337,
      "surprise_percent": -1.1638358697062785,
      "price_on_date": 27.456022501927052,
      "revenue_growth": 16.332598987248726,
      "earnings_growth": 15.579617850942629
    },
    {
      "date": "2025-04-29",
      "quarter": "Q2 2025",
      "revenue": 205156361.0011304,
      "earnings": 20424368.83643592,
      "eps_actual": 0.008403732795513841,
      "eps_estimate": 0.008445376597513368,
      "surprise_percent": -0.49309585568733816,
      "price_on_date": 23.966436339078626,
      "revenue_growth": 23.45076378075751,
      "earnings_growth": 14.581960035414413
    },
    {
      "date": "2025-01-29",
      "quarter": "Q1 2025",
      "revenue": 194898542.95107388,
      "earnings": 19403150.394614127,
      "eps_actual": 0.00798354615573815,
      "eps_estimate": 0.0077403269206571725,
      "surprise_percent": 3.14223465719361,
      "price_on_date": 25.988776204611245,
      "revenue_growth": 17.844047333125047,
      "earnings_growth": 17.57982172518743
    },
    {
      "date": "2024-10-31",
      "quarter": "Q4 2024",
      "revenue": 185153615.80352017,
      "earnings": 18432992.87488342,
      "eps_actual": 0.007584368847951242,
      "eps_estimate": 0.007281751927428841,
      "surprise_percent": 4.155825734498135,
      "price_on_date": 23.88592947914198,
      "revenue_growth": 19.691587342959547,
      "earnings_growth": 15.5043838036751
    },
    {
      "date": "2024-08-02",
      "quarter": "Q3 2024",
      "revenue": 175895935.01334417,
      "earnings": 17511343.23113925,
      "eps_actual": 0.0072051504055536805,
      "eps_estimate": 0.007151411676714436,
      "surprise_percent": 0.7514422504052165,
      "price_on_date": 20.101606116847268,
      "revenue_growth": 17.442367996522744,
      "earnings_growth": 18.488755585023995
    },
    {
      "date": "2024-05-04",
      "quarter": "Q2 2024",
      "revenue": 167101138.26267692,
      "earnings": 16635776.069582282,
      "eps_actual": 0.006844892885275994,
      "eps_estimate": 0.006507565687559616,
      "surprise_percent": 5.183615716107788,
      "price_on_date": 20.491284632486977,
      "revenue_growth": 19.784629082494153,
      "earnings_growth": 17.481392246870143
    },
    {
      "date": "2024-02-04",
      "quarter": "Q1 2024",
      "revenue": 158746081.3495431,
      "earnings": 15803987.26610317,
      "eps_actual": 0.006502648241012195,
      "eps_estimate": 0.006560932626835137,
      "surprise_percent": -0.8883551948780944,
      "price_on_date": 18.57286363622943,
      "revenue_growth": 20.983976787650633,
      "earnings_growth": 24.78628473484019
    },
    {
      "date": "2023-11-06",
      "quarter": "Q4 2023",
      "revenue": 150808777.28206593,
      "earnings": 15013787.90279801,
      "eps_actual": 0.006177515828961585,
      "eps_estimate": 0.0059224909351398725,
      "surprise_percent": 4.306041100182611,
      "price_on_date": 20.143708484097356,
      "revenue_growth": 20.172102643184346,
      "earnings_growth": 24.870812740180856
    }
  ],
  "metrics": {
    "revenue_trend": [
      {
        "date": "2025-07-28",
        "value": 215954064.21171623
      },
      {
        "date": "2025-04-29",
        "value": 205156361.0011304
      },
      {
        "date": "2025-01-29",
        "value": 194898542.95107388
      },
      {
        "date": "2024-10-31",
        "value": 185153615.80352017
      },
      {
        "date": "2024-08-02",
        "value": 175895935.01334417
      },
      {
        "date": "2024-05-04",
        "value": 167101138.26267692
      },
      {
        "date": "2024-02-04",
        "value": 158746081.3495431
      },
      {
        "date": "2023-11-06",
        "value": 150808777.28206593
      }
    ],
    "eps_trend": [
      {
        "date": "2025-07-28",
        "value": 0.008846034521593518
      },
      {
        "date": "2025-04-29",
        "value": 0.008403732795513841
      },
      {
        "date": "2025-01-29",
        "value": 0.00798354615573815
      },
      {
        "date": "2024-10-31",
        "value": 0.007584368847951242
      },
      {
        "date": "2024-08-02",
        "value": 0.0072051504055536805
      },
      {
        "date": "2024-05-04",
        "value": 0.006844892885275994
      },
      {
        "date": "2024-02-04",
        "value": 0.006502648241012195
      },
      {
        "date": "2023-11-06",
        "value": 0.006177515828961585
      }
    ],
    "earnings_dates": [
      "2025-07-28",
      "2025-04-29",
      "2025-01-29",
      "2024-10-31",
      "2024-08-02",
      "2024-05-04",
      "2024-02-04",
      "2023-11-06"
    ]
  },
  "analysis": {
    "avg_revenue_growth": 19.329749361022706,
    "avg_earnings_surprise": 1.4102821665745322,
    "consistency_score": 64,
    "trend_direction": "growing"
  }
}