{
  "ticker": "WAT",
  "quarters": [
    {
      "date": "2025-07-28",
      "quarter": "Q3 2025",
      "revenue": 449382146.01595896,
      "earnings": 6630365.65683394,
      "eps_actual": 0.005250447586227231,
      "eps_estimate": 0.0050237110870854,
      "surprise_percent": 4.513326805848951,
      "price_on_date": 23.9486597527438,
      "revenue_growth": 12.246480356353896,
      "earnings_growth": 13.957857288684433
    },
    {
      "date": "2025-04-29",
      "quarter": "Q2 2025",
      "revenue": 426913038.715161,
      "earnings": 6298847.373992244,
      "eps_actual": 0.0049879252069158705,
      "eps_estimate": 0.004852668378141642,
      "surprise_percent": 2.787267091719664,
      "price_on_date": 19.61584033746369,
      "revenue_growth": 14.13651006802458,
      "earnings_growth": 11.929315029470882
    },
    {
      "date": "2025-01-29",
      "quarter": "Q1 2025",
      "revenue": 405567386.779403,
      "earnings": 5983905.005292632,
      "eps_actual": 0.004738528946570077,
      "eps_estimate": 0.0046417156668525725,
      "surprise_percent": 2.085721889620853,
      "price_on_date": 18.85023657026265,
      "revenue_growth": 12.829745517466122,
      "earnings_growth": 14.327810544588544
    },
    {
      "date": "2024-10-31",
      "quarter": "Q4 2024",
      "revenue": 385289017.4404328,
      "earnings": 5684709.755027999,
      "eps_actual": 0.004501602499241572,
      "eps_estimate": 0.004420784520327912,
      "surprise_percent": 1.8281365794247089,
      "price_on_date": 17.40789839872377,
      "revenue_growth": 11.283198518925815,
      "earnings_growth": 9.574759358654273
    },
    {
      "date": "2024-08-02",
      "quarter": "Q3 2024",
      "revenue": 366024566.5684111,
      "earnings": 5400474.267276599,
      "eps_actual": 0.004276522374279493,
      "eps_estimate": 0.004119005805747351,
      "surprise_percent": 3.8241404834233417,
      "price_on_date": 16.48162261203168,
      "revenue_growth": 14.065304408349833,
      "earnings_growth": 9.769051894583402
    },
    {
      "date": "2024-05-04",
      "quarter": "Q2 2024",
      "revenue": 347723338.23999053,
      "earnings": 5130450.553912768,
      "eps_actual": 0.004062696255565518,
      "eps_estimate": 0.004114658679158809,
      "surprise_percent": -1.2628610935941496,
      "price_on_date": 16.080434047938596,
      "revenue_growth": 14.585743043826067,
      "earnings_growth": 16.038650903851547
    },
    {
      "date": "2024-02-04",
      "quarter": "Q1 2024",
      "revenue": 330337171.327991,
      "earnings": 4873928.02621713,
      "eps_actual": 0.0038595614427872423,
      "eps_estimate": 0.003920929373155194,
      "surprise_percent": -1.565137357181441,
      "price_on_date": 17.37230998436872,
      "revenue_growth": 14.01122178276771,
      "earnings_growth": 10.940347916591609
    },
    {
      "date": "2023-11-06",
      "quarter": "Q4 2023",
      "revenue": 313820312.76159143,
      "earnings": 4630231.624906274,
      "eps_actual": 0.00366658337064788,
      "eps_estimate": 0.0035643757793786903,
      "surprise_percent": 2.8674751932863196,
      "price_on_date": 14.60996700992322,
      "revenue_growth": 15.272953849929943,
      "earnings_growth": 10.09166778643094
    }
  ],
  "metrics": {
    "revenue_trend": [
      {
        "date": "2025-07-28",
        "value": 449382146.01595896
      },
      {
        "date": "2025-04-29",
        "value": 426913038.715161
      },
      {
        "date": "2025-01-29",
        "value": 405567386.779403
      },
      {
        "date": "2024-10-31",
        "value": 385289017.4404328
      },
      {
        "date": "2024-08-02",
        "value": 366024566.5684111
      },
      {
        "date": "2024-05-04",
        "value": 347723338.23999053
      },
      {
        "date": "2024-02-04",
        "value": 330337171.327991
      },
      {
        "date": "2023-11-06",
        "value": 313820312.76159143
      }
    ],
    "eps_trend": [
      {
        "date": "2025-07-28",
        "value": 0.005250447586227231
      },
      {
        "date": "2025-04-29",
        "value": 0.0049879252069158705
      },
      {
        "date": "2025-01-29",
        "value": 0.004738528946570077
      },
      {
        "date": "2024-10-31",
        "value": 0.004501602499241572
      },
      {
        "date": "2024-08-02",
        "value": 0.004276522374279493
      },
      {
        "date": "2024-05-04",
        "value": 0.004062696255565518
      },
      {
        "date": "2024-02-04",
        "value": 0.0038595614427872423
      },
      {
        "date": "2023-11-06",
        "value": 0.00366658337064788
      }
    ],
    "earnings_dates": [
      "2025-07-28",
      "2025-04-29",
      "2025-01-29",
      "2024-10-31",
      "2024-08-02",
      "2024-05-04",
      "2024-02-04",
      "2023-11-06"
    ]
  },
  "analysis": {
    "avg_revenue_growth": 12.623983615192603,
    "avg_earnings_surprise": 2.8036130916535438,
    "consistency_score": 60,
    "trend_direction": "growing"
  }
}