{
  "ticker": "WBA",
  "quarters": [
    {
      "date": "2025-07-28",
      "quarter": "Q3 2025",
      "revenue": 1944768453.4286606,
      "earnings": 24456135.7638004,
      "eps_actual": 0.11842311876494013,
      "eps_estimate": 0.11808881559218372,
      "surprise_percent": 0.28309469536126153,
      "price_on_date": 292.3515536045943,
      "revenue_growth": 3.8374218396847586,
      "earnings_growth": 4.043433041372337
    },
    {
      "date": "2025-04-29",
      "quarter": "Q2 2025",
      "revenue": 1847530030.7572274,
      "earnings": 23233328.97561038,
      "eps_actual": 0.11250196282669311,
      "eps_estimate": 0.10919980067153501,
      "surprise_percent": 3.0239635373426803,
      "price_on_date": 239.40477093412676,
      "revenue_growth": 3.0846132371305233,
      "earnings_growth": 3.298299430775304
    },
    {
      "date": "2025-01-29",
      "quarter": "Q1 2025",
      "revenue": 1755153529.219366,
      "earnings": 22071662.526829857,
      "eps_actual": 0.10687686468535844,
      "eps_estimate": 0.10276874208262696,
      "surprise_percent": 3.9974436968670064,
      "price_on_date": 256.4164303314447,
      "revenue_growth": 3.5250775712173463,
      "earnings_growth": 2.617354832316171
    },
    {
      "date": "2024-10-31",
      "quarter": "Q4 2024",
      "revenue": 1667395852.7583976,
      "earnings": 20968079.400488365,
      "eps_actual": 0.10153302145109053,
      "eps_estimate": 0.10023678088097646,
      "surprise_percent": 1.2931785705022372,
      "price_on_date": 218.0964288974326,
      "revenue_growth": 2.973045155699983,
      "earnings_growth": 3.2075201927445978
    },
    {
      "date": "2024-08-02",
      "quarter": "Q3 2024",
      "revenue": 1584026060.1204777,
      "earnings": 19919675.430463944,
      "eps_actual": 0.09645637037853598,
      "eps_estimate": 0.09337561119010403,
      "surprise_percent": 3.299318900478,
      "price_on_date": 212.88307668409803,
      "revenue_growth": 3.55472378673336,
      "earnings_growth": 2.6502294645982
    },
    {
      "date": "2024-05-04",
      "quarter": "Q2 2024",
      "revenue": 1504824757.1144536,
      "earnings": 18923691.658940744,
      "eps_actual": 0.09163355185960917,
      "eps_estimate": 0.08777437697195972,
      "surprise_percent": 4.396698695887404,
      "price_on_date": 196.96398613607673,
      "revenue_growth": 3.3970845932330818,
      "earnings_growth": 4.280623601217437
    },
    {
      "date": "2024-02-04",
      "quarter": "Q1 2024",
      "revenue": 1429583519.2587311,
      "earnings": 17977507.07599371,
      "eps_actual": 0.08705187426662872,
      "eps_estimate": 0.08461568617270293,
      "surprise_percent": 2.879121122948129,
      "price_on_date": 179.28319741278526,
      "revenue_growth": 3.0068287451698144,
      "earnings_growth": 3.4714866255323154
    },
    {
      "date": "2023-11-06",
      "quarter": "Q4 2023",
      "revenue": 1358104343.2957942,
      "earnings": 17078631.72219402,
      "eps_actual": 0.08269928055329727,
      "eps_estimate": 0.08263098193185198,
      "surprise_percent": 0.08265497982538819,
      "price_on_date": 205.7361307188852,
      "revenue_growth": 2.7700416836519186,
      "earnings_growth": 2.7263434737864056
    }
  ],
  "metrics": {
    "revenue_trend": [
      {
        "date": "2025-07-28",
        "value": 1944768453.4286606
      },
      {
        "date": "2025-04-29",
        "value": 1847530030.7572274
      },
      {
        "date": "2025-01-29",
        "value": 1755153529.219366
      },
      {
        "date": "2024-10-31",
        "value": 1667395852.7583976
      },
      {
        "date": "2024-08-02",
        "value": 1584026060.1204777
      },
      {
        "date": "2024-05-04",
        "value": 1504824757.1144536
      },
      {
        "date": "2024-02-04",
        "value": 1429583519.2587311
      },
      {
        "date": "2023-11-06",
        "value": 1358104343.2957942
      }
    ],
    "eps_trend": [
      {
        "date": "2025-07-28",
        "value": 0.11842311876494013
      },
      {
        "date": "2025-04-29",
        "value": 0.11250196282669311
      },
      {
        "date": "2025-01-29",
        "value": 0.10687686468535844
      },
      {
        "date": "2024-10-31",
        "value": 0.10153302145109053
      },
      {
        "date": "2024-08-02",
        "value": 0.09645637037853598
      },
      {
        "date": "2024-05-04",
        "value": 0.09163355185960917
      },
      {
        "date": "2024-02-04",
        "value": 0.08705187426662872
      },
      {
        "date": "2023-11-06",
        "value": 0.08269928055329727
      }
    ],
    "earnings_dates": [
      "2025-07-28",
      "2025-04-29",
      "2025-01-29",
      "2024-10-31",
      "2024-08-02",
      "2024-05-04",
      "2024-02-04",
      "2023-11-06"
    ]
  },
  "analysis": {
    "avg_revenue_growth": 3.355039450933153,
    "avg_earnings_surprise": 2.1494201250182963,
    "consistency_score": 81,
    "trend_direction": "stable"
  }
}