{
  "ticker": "WBD",
  "quarters": [
    {
      "date": "2025-07-28",
      "quarter": "Q3 2025",
      "revenue": 1453036093.1256154,
      "earnings": 165977542.22801352,
      "eps_actual": 0.044727315155622574,
      "eps_estimate": 0.044462433030149594,
      "surprise_percent": 0.5957436591321171,
      "price_on_date": 20.0754803020568,
      "revenue_growth": 51.48320657682935,
      "earnings_growth": 40.16694191510652
    },
    {
      "date": "2025-04-29",
      "quarter": "Q2 2025",
      "revenue": 1380384288.4693346,
      "earnings": 157678665.11661285,
      "eps_actual": 0.04249094939784145,
      "eps_estimate": 0.042580810785886714,
      "surprise_percent": -0.211037287423025,
      "price_on_date": 18.16394775906576,
      "revenue_growth": 44.596941402456686,
      "earnings_growth": 55.731654345088856
    },
    {
      "date": "2025-01-29",
      "quarter": "Q1 2025",
      "revenue": 1311365074.045868,
      "earnings": 149794731.8607822,
      "eps_actual": 0.04036640192794937,
      "eps_estimate": 0.04056570927814761,
      "surprise_percent": -0.49131977166142976,
      "price_on_date": 16.123718198906786,
      "revenue_growth": 38.32800317679354,
      "earnings_growth": 35.62261678383959
    },
    {
      "date": "2024-10-31",
      "quarter": "Q4 2024",
      "revenue": 1245796820.3435743,
      "earnings": 142304995.26774308,
      "eps_actual": 0.0383480818315519,
      "eps_estimate": 0.03760653946476219,
      "surprise_percent": 1.9718441987584348,
      "price_on_date": 15.338105701146516,
      "revenue_growth": 40.48927254534444,
      "earnings_growth": 59.43796885074849
    },
    {
      "date": "2024-08-02",
      "quarter": "Q3 2024",
      "revenue": 1183506979.3263955,
      "earnings": 135189745.5043559,
      "eps_actual": 0.0364306777399743,
      "eps_estimate": 0.03669772500352315,
      "surprise_percent": -0.7276943285263898,
      "price_on_date": 17.2467904885648,
      "revenue_growth": 49.24325250130857,
      "earnings_growth": 55.10304627579409
    },
    {
      "date": "2024-05-04",
      "quarter": "Q2 2024",
      "revenue": 1124331630.3600757,
      "earnings": 128430258.22913812,
      "eps_actual": 0.03460914385297559,
      "eps_estimate": 0.03452828615282077,
      "surprise_percent": 0.23417814541082882,
      "price_on_date": 15.198548326006385,
      "revenue_growth": 39.13803087757537,
      "earnings_growth": 37.85104977627285
    },
    {
      "date": "2024-02-04",
      "quarter": "Q1 2024",
      "revenue": 1068115048.8420719,
      "earnings": 122008745.31768121,
      "eps_actual": 0.03287868666032681,
      "eps_estimate": 0.03320605156068416,
      "surprise_percent": -0.985859158108839,
      "price_on_date": 14.641094807787054,
      "revenue_growth": 43.02460275497986,
      "earnings_growth": 53.137546551308496
    },
    {
      "date": "2023-11-06",
      "quarter": "Q4 2023",
      "revenue": 1014709296.3999681,
      "earnings": 115908308.05179714,
      "eps_actual": 0.031234752327310464,
      "eps_estimate": 0.031129690058072146,
      "surprise_percent": 0.337498603559258,
      "price_on_date": 13.080730671713205,
      "revenue_growth": 44.762977338205054,
      "earnings_growth": 44.45493497067881
    }
  ],
  "metrics": {
    "revenue_trend": [
      {
        "date": "2025-07-28",
        "value": 1453036093.1256154
      },
      {
        "date": "2025-04-29",
        "value": 1380384288.4693346
      },
      {
        "date": "2025-01-29",
        "value": 1311365074.045868
      },
      {
        "date": "2024-10-31",
        "value": 1245796820.3435743
      },
      {
        "date": "2024-08-02",
        "value": 1183506979.3263955
      },
      {
        "date": "2024-05-04",
        "value": 1124331630.3600757
      },
      {
        "date": "2024-02-04",
        "value": 1068115048.8420719
      },
      {
        "date": "2023-11-06",
        "value": 1014709296.3999681
      }
    ],
    "eps_trend": [
      {
        "date": "2025-07-28",
        "value": 0.044727315155622574
      },
      {
        "date": "2025-04-29",
        "value": 0.04249094939784145
      },
      {
        "date": "2025-01-29",
        "value": 0.04036640192794937
      },
      {
        "date": "2024-10-31",
        "value": 0.0383480818315519
      },
      {
        "date": "2024-08-02",
        "value": 0.0364306777399743
      },
      {
        "date": "2024-05-04",
        "value": 0.03460914385297559
      },
      {
        "date": "2024-02-04",
        "value": 0.03287868666032681
      },
      {
        "date": "2023-11-06",
        "value": 0.031234752327310464
      }
    ],
    "earnings_dates": [
      "2025-07-28",
      "2025-04-29",
      "2025-01-29",
      "2024-10-31",
      "2024-08-02",
      "2024-05-04",
      "2024-02-04",
      "2023-11-06"
    ]
  },
  "analysis": {
    "avg_revenue_growth": 43.72435592535601,
    "avg_earnings_surprise": 0.4663076997015243,
    "consistency_score": 60,
    "trend_direction": "growing"
  }
}