{
  "ticker": "WDAY",
  "quarters": [
    {
      "date": "2025-07-28",
      "quarter": "Q3 2025",
      "revenue": 579693643.4399853,
      "earnings": 47390749.49952331,
      "eps_actual": 0.012944144449134151,
      "eps_estimate": 0.012762377409701296,
      "surprise_percent": 1.424241217742752,
      "price_on_date": 7.924609851196452,
      "revenue_growth": -12.298119393558189,
      "earnings_growth": -14.553537862112861
    },
    {
      "date": "2025-04-29",
      "quarter": "Q2 2025",
      "revenue": 550708961.2679859,
      "earnings": 45021212.024547145,
      "eps_actual": 0.012296937226677443,
      "eps_estimate": 0.012503069906553609,
      "surprise_percent": -1.6486565412876624,
      "price_on_date": 6.639742924446744,
      "revenue_growth": -11.977655244136013,
      "earnings_growth": -14.439464057711206
    },
    {
      "date": "2025-01-29",
      "quarter": "Q1 2025",
      "revenue": 523173513.2045867,
      "earnings": 42770151.42331979,
      "eps_actual": 0.01168209036534357,
      "eps_estimate": 0.011875214130353454,
      "surprise_percent": -1.6262760644985128,
      "price_on_date": 6.447851677511946,
      "revenue_growth": -15.19584046100652,
      "earnings_growth": -9.931224143304112
    },
    {
      "date": "2024-10-31",
      "quarter": "Q4 2024",
      "revenue": 497014837.5443573,
      "earnings": 40631643.85215379,
      "eps_actual": 0.011097985847076391,
      "eps_estimate": 0.011128856014655589,
      "surprise_percent": -0.27738850730519543,
      "price_on_date": 6.438773730017488,
      "revenue_growth": -14.41429653989603,
      "earnings_growth": -13.326133513280098
    },
    {
      "date": "2024-08-02",
      "quarter": "Q3 2024",
      "revenue": 472164095.6671394,
      "earnings": 38600061.65954611,
      "eps_actual": 0.010543086554722572,
      "eps_estimate": 0.010501128524164032,
      "surprise_percent": 0.39955734721264324,
      "price_on_date": 5.813415728781471,
      "revenue_growth": -14.926648031350483,
      "earnings_growth": -14.054375494220345
    },
    {
      "date": "2024-05-04",
      "quarter": "Q2 2024",
      "revenue": 448555890.8837824,
      "earnings": 36670058.5765688,
      "eps_actual": 0.010015932226986442,
      "eps_estimate": 0.010137951012442872,
      "surprise_percent": -1.2035842874627243,
      "price_on_date": 5.984008409273118,
      "revenue_growth": -14.522488837347792,
      "earnings_growth": -10.49963733100877
    },
    {
      "date": "2024-02-04",
      "quarter": "Q1 2024",
      "revenue": 426128096.3395933,
      "earnings": 34836555.64774036,
      "eps_actual": 0.00951513561563712,
      "eps_estimate": 0.009092879162660357,
      "surprise_percent": 4.643814631461802,
      "price_on_date": 5.078915753441223,
      "revenue_growth": -14.764286163851873,
      "earnings_growth": -16.060090865099095
    },
    {
      "date": "2023-11-06",
      "quarter": "Q4 2023",
      "revenue": 404821691.5226136,
      "earnings": 33094727.865353335,
      "eps_actual": 0.009039378834855262,
      "eps_estimate": 0.008765011034497226,
      "surprise_percent": 3.130261893318589,
      "price_on_date": 5.71179500989428,
      "revenue_growth": -13.88575359141263,
      "earnings_growth": -12.601736356086596
    }
  ],
  "metrics": {
    "revenue_trend": [
      {
        "date": "2025-07-28",
        "value": 579693643.4399853
      },
      {
        "date": "2025-04-29",
        "value": 550708961.2679859
      },
      {
        "date": "2025-01-29",
        "value": 523173513.2045867
      },
      {
        "date": "2024-10-31",
        "value": 497014837.5443573
      },
      {
        "date": "2024-08-02",
        "value": 472164095.6671394
      },
      {
        "date": "2024-05-04",
        "value": 448555890.8837824
      },
      {
        "date": "2024-02-04",
        "value": 426128096.3395933
      },
      {
        "date": "2023-11-06",
        "value": 404821691.5226136
      }
    ],
    "eps_trend": [
      {
        "date": "2025-07-28",
        "value": 0.012944144449134151
      },
      {
        "date": "2025-04-29",
        "value": 0.012296937226677443
      },
      {
        "date": "2025-01-29",
        "value": 0.01168209036534357
      },
      {
        "date": "2024-10-31",
        "value": 0.011097985847076391
      },
      {
        "date": "2024-08-02",
        "value": 0.010543086554722572
      },
      {
        "date": "2024-05-04",
        "value": 0.010015932226986442
      },
      {
        "date": "2024-02-04",
        "value": 0.00951513561563712
      },
      {
        "date": "2023-11-06",
        "value": 0.009039378834855262
      }
    ],
    "earnings_dates": [
      "2025-07-28",
      "2025-04-29",
      "2025-01-29",
      "2024-10-31",
      "2024-08-02",
      "2024-05-04",
      "2024-02-04",
      "2023-11-06"
    ]
  },
  "analysis": {
    "avg_revenue_growth": -13.471477909649188,
    "avg_earnings_surprise": -0.5320199738371547,
    "consistency_score": 65,
    "trend_direction": "declining"
  }
}