{
  "ticker": "WDC",
  "quarters": [
    {
      "date": "2025-07-28",
      "quarter": "Q3 2025",
      "revenue": 2369934540.1914883,
      "earnings": 332088231.1696625,
      "eps_actual": 0.08181186576212084,
      "eps_estimate": 0.0794617566972976,
      "surprise_percent": 2.957534746904428,
      "price_on_date": 16.280614428213628,
      "revenue_growth": 46.633276705197254,
      "earnings_growth": 40.69956879719264
    },
    {
      "date": "2025-04-29",
      "quarter": "Q2 2025",
      "revenue": 2251437813.181914,
      "earnings": 315483819.61117935,
      "eps_actual": 0.0777212724740148,
      "eps_estimate": 0.07846830752190424,
      "surprise_percent": -0.9520213592996336,
      "price_on_date": 14.856110544773879,
      "revenue_growth": 38.5521473074684,
      "earnings_growth": 47.799270354284076
    },
    {
      "date": "2025-01-29",
      "quarter": "Q1 2025",
      "revenue": 2138865922.522818,
      "earnings": 299709628.63062036,
      "eps_actual": 0.07383520885031404,
      "eps_estimate": 0.07349784537904357,
      "surprise_percent": 0.4590113758173742,
      "price_on_date": 14.61216071123978,
      "revenue_growth": 37.85972442481161,
      "earnings_growth": 35.842093821140885
    },
    {
      "date": "2024-10-31",
      "quarter": "Q4 2024",
      "revenue": 2031922626.396677,
      "earnings": 284724147.19908935,
      "eps_actual": 0.07014344840779835,
      "eps_estimate": 0.06831187880519739,
      "surprise_percent": 2.6811875688911786,
      "price_on_date": 14.405062054882636,
      "revenue_growth": 39.56305292642241,
      "earnings_growth": 55.22071841999273
    },
    {
      "date": "2024-08-02",
      "quarter": "Q3 2024",
      "revenue": 1930326495.076843,
      "earnings": 270487939.8391349,
      "eps_actual": 0.06663627598740843,
      "eps_estimate": 0.06583757211214353,
      "surprise_percent": 1.2131429663056814,
      "price_on_date": 14.287890687623284,
      "revenue_growth": 34.67337865159467,
      "earnings_growth": 41.15237544589755
    },
    {
      "date": "2024-05-04",
      "quarter": "Q2 2024",
      "revenue": 1833810170.3230007,
      "earnings": 256963542.84717807,
      "eps_actual": 0.063304462188038,
      "eps_estimate": 0.062675850918824,
      "surprise_percent": 1.002956098718403,
      "price_on_date": 13.705824602389837,
      "revenue_growth": 50.2522403463392,
      "earnings_growth": 47.39571681382879
    },
    {
      "date": "2024-02-04",
      "quarter": "Q1 2024",
      "revenue": 1742119661.8068507,
      "earnings": 244115365.70481917,
      "eps_actual": 0.06013923907863609,
      "eps_estimate": 0.05959616847152221,
      "surprise_percent": 0.9112508757561887,
      "price_on_date": 13.202110651565585,
      "revenue_growth": 39.03975073723779,
      "earnings_growth": 33.831682072060005
    },
    {
      "date": "2023-11-06",
      "quarter": "Q4 2023",
      "revenue": 1655013678.716508,
      "earnings": 231909597.4195782,
      "eps_actual": 0.057132277124704284,
      "eps_estimate": 0.05708128054355426,
      "surprise_percent": 0.0893402892584199,
      "price_on_date": 11.04107813421877,
      "revenue_growth": 42.18141780323095,
      "earnings_growth": 30.691434627145608
    }
  ],
  "metrics": {
    "revenue_trend": [
      {
        "date": "2025-07-28",
        "value": 2369934540.1914883
      },
      {
        "date": "2025-04-29",
        "value": 2251437813.181914
      },
      {
        "date": "2025-01-29",
        "value": 2138865922.522818
      },
      {
        "date": "2024-10-31",
        "value": 2031922626.396677
      },
      {
        "date": "2024-08-02",
        "value": 1930326495.076843
      },
      {
        "date": "2024-05-04",
        "value": 1833810170.3230007
      },
      {
        "date": "2024-02-04",
        "value": 1742119661.8068507
      },
      {
        "date": "2023-11-06",
        "value": 1655013678.716508
      }
    ],
    "eps_trend": [
      {
        "date": "2025-07-28",
        "value": 0.08181186576212084
      },
      {
        "date": "2025-04-29",
        "value": 0.0777212724740148
      },
      {
        "date": "2025-01-29",
        "value": 0.07383520885031404
      },
      {
        "date": "2024-10-31",
        "value": 0.07014344840779835
      },
      {
        "date": "2024-08-02",
        "value": 0.06663627598740843
      },
      {
        "date": "2024-05-04",
        "value": 0.063304462188038
      },
      {
        "date": "2024-02-04",
        "value": 0.06013923907863609
      },
      {
        "date": "2023-11-06",
        "value": 0.057132277124704284
      }
    ],
    "earnings_dates": [
      "2025-07-28",
      "2025-04-29",
      "2025-01-29",
      "2024-10-31",
      "2024-08-02",
      "2024-05-04",
      "2024-02-04",
      "2023-11-06"
    ]
  },
  "analysis": {
    "avg_revenue_growth": 40.652050340974924,
    "avg_earnings_surprise": 1.2864280830783368,
    "consistency_score": 72,
    "trend_direction": "growing"
  }
}