{
  "ticker": "WEC",
  "quarters": [
    {
      "date": "2025-07-28",
      "quarter": "Q3 2025",
      "revenue": 145052370.12476826,
      "earnings": 30239705.085198384,
      "eps_actual": 0.02857816198962776,
      "eps_estimate": 0.027475529335816037,
      "surprise_percent": 4.013144352325083,
      "price_on_date": 27.538326130271948,
      "revenue_growth": 58.49834453498008,
      "earnings_growth": 44.283912888700044
    },
    {
      "date": "2025-04-29",
      "quarter": "Q2 2025",
      "revenue": 137799751.61852983,
      "earnings": 28727719.830938462,
      "eps_actual": 0.02714925389014637,
      "eps_estimate": 0.02700404258314637,
      "surprise_percent": 0.5377391424002184,
      "price_on_date": 27.303679964868603,
      "revenue_growth": 50.153010979800705,
      "earnings_growth": 63.81558909682091
    },
    {
      "date": "2025-01-29",
      "quarter": "Q1 2025",
      "revenue": 130909764.03760335,
      "earnings": 27291333.83939154,
      "eps_actual": 0.025791791195639055,
      "eps_estimate": 0.02584792634269565,
      "surprise_percent": -0.21717466350045558,
      "price_on_date": 25.772982046634695,
      "revenue_growth": 46.49909728575203,
      "earnings_growth": 37.84034441132554
    },
    {
      "date": "2024-10-31",
      "quarter": "Q4 2024",
      "revenue": 124364275.83572316,
      "earnings": 25926767.14742196,
      "eps_actual": 0.024502201635857097,
      "eps_estimate": 0.024812464827639807,
      "surprise_percent": -1.250432772148828,
      "price_on_date": 27.414297116122352,
      "revenue_growth": 46.963971380610296,
      "earnings_growth": 39.96836496192371
    },
    {
      "date": "2024-08-02",
      "quarter": "Q3 2024",
      "revenue": 118146062.04393701,
      "earnings": 24630428.790050864,
      "eps_actual": 0.023277091554064246,
      "eps_estimate": 0.02232010103069689,
      "surprise_percent": 4.2875725430239,
      "price_on_date": 24.995549359627077,
      "revenue_growth": 59.175013650936016,
      "earnings_growth": 58.515845661587875
    },
    {
      "date": "2024-05-04",
      "quarter": "Q2 2024",
      "revenue": 112238758.94174014,
      "earnings": 23398907.350548316,
      "eps_actual": 0.022113236976361028,
      "eps_estimate": 0.021664704524506136,
      "surprise_percent": 2.070337268378307,
      "price_on_date": 20.832587530459868,
      "revenue_growth": 46.46021517765476,
      "earnings_growth": 36.12301245920814
    },
    {
      "date": "2024-02-04",
      "quarter": "Q1 2024",
      "revenue": 106626820.99465314,
      "earnings": 22228961.9830209,
      "eps_actual": 0.021007575127542977,
      "eps_estimate": 0.020109325533589593,
      "surprise_percent": 4.466831035446678,
      "price_on_date": 22.013921134349552,
      "revenue_growth": 40.481634440967234,
      "earnings_growth": 35.500708589412916
    },
    {
      "date": "2023-11-06",
      "quarter": "Q4 2023",
      "revenue": 101295479.94492047,
      "earnings": 21117513.883869853,
      "eps_actual": 0.019957196371165824,
      "eps_estimate": 0.019023103179496594,
      "surprise_percent": 4.910309232176221,
      "price_on_date": 21.280022029357678,
      "revenue_growth": 50.87108041394501,
      "earnings_growth": 48.61050064183769
    }
  ],
  "metrics": {
    "revenue_trend": [
      {
        "date": "2025-07-28",
        "value": 145052370.12476826
      },
      {
        "date": "2025-04-29",
        "value": 137799751.61852983
      },
      {
        "date": "2025-01-29",
        "value": 130909764.03760335
      },
      {
        "date": "2024-10-31",
        "value": 124364275.83572316
      },
      {
        "date": "2024-08-02",
        "value": 118146062.04393701
      },
      {
        "date": "2024-05-04",
        "value": 112238758.94174014
      },
      {
        "date": "2024-02-04",
        "value": 106626820.99465314
      },
      {
        "date": "2023-11-06",
        "value": 101295479.94492047
      }
    ],
    "eps_trend": [
      {
        "date": "2025-07-28",
        "value": 0.02857816198962776
      },
      {
        "date": "2025-04-29",
        "value": 0.02714925389014637
      },
      {
        "date": "2025-01-29",
        "value": 0.025791791195639055
      },
      {
        "date": "2024-10-31",
        "value": 0.024502201635857097
      },
      {
        "date": "2024-08-02",
        "value": 0.023277091554064246
      },
      {
        "date": "2024-05-04",
        "value": 0.022113236976361028
      },
      {
        "date": "2024-02-04",
        "value": 0.021007575127542977
      },
      {
        "date": "2023-11-06",
        "value": 0.019957196371165824
      }
    ],
    "earnings_dates": [
      "2025-07-28",
      "2025-04-29",
      "2025-01-29",
      "2024-10-31",
      "2024-08-02",
      "2024-05-04",
      "2024-02-04",
      "2023-11-06"
    ]
  },
  "analysis": {
    "avg_revenue_growth": 50.528606045285784,
    "avg_earnings_surprise": 0.7708190147690045,
    "consistency_score": 61,
    "trend_direction": "growing"
  }
}