{
  "ticker": "WELL",
  "quarters": [
    {
      "date": "2025-07-28",
      "quarter": "Q3 2025",
      "revenue": 1449284475.6095662,
      "earnings": 77048147.86215544,
      "eps_actual": 0.06687055747880472,
      "eps_estimate": 0.06673532433117337,
      "surprise_percent": 0.20264102855072222,
      "price_on_date": 13.883964861738134,
      "revenue_growth": 13.936999593092587,
      "earnings_growth": 14.513266813365265
    },
    {
      "date": "2025-04-29",
      "quarter": "Q2 2025",
      "revenue": 1376820251.8290877,
      "earnings": 73195740.46904765,
      "eps_actual": 0.06352702960486446,
      "eps_estimate": 0.06328852940245534,
      "surprise_percent": 0.37684585921168046,
      "price_on_date": 12.11271719555586,
      "revenue_growth": 16.103848141349975,
      "earnings_growth": 17.9900270480492
    },
    {
      "date": "2025-01-29",
      "quarter": "Q1 2025",
      "revenue": 1307979239.2376335,
      "earnings": 69535953.44559528,
      "eps_actual": 0.06035067812462125,
      "eps_estimate": 0.05889919517171451,
      "surprise_percent": 2.4643510809869102,
      "price_on_date": 13.670655246110126,
      "revenue_growth": 16.657343454459266,
      "earnings_growth": 17.54303788307774
    },
    {
      "date": "2024-10-31",
      "quarter": "Q4 2024",
      "revenue": 1242580277.2757516,
      "earnings": 66059155.773315504,
      "eps_actual": 0.05733314421839018,
      "eps_estimate": 0.05796677700746534,
      "surprise_percent": -1.0930964628127557,
      "price_on_date": 10.852842740874909,
      "revenue_growth": 13.069554856085993,
      "earnings_growth": 20.50551619121579
    },
    {
      "date": "2024-08-02",
      "quarter": "Q3 2024",
      "revenue": 1180451263.4119642,
      "earnings": 62756197.98464973,
      "eps_actual": 0.05446648700747067,
      "eps_estimate": 0.05530185961125802,
      "surprise_percent": -1.5105687397486491,
      "price_on_date": 12.428566211442135,
      "revenue_growth": 16.131162829893476,
      "earnings_growth": 14.580408358911242
    },
    {
      "date": "2024-05-04",
      "quarter": "Q2 2024",
      "revenue": 1121428700.2413657,
      "earnings": 59618388.08541723,
      "eps_actual": 0.05174316265709713,
      "eps_estimate": 0.05077792767063788,
      "surprise_percent": 1.9008947996461716,
      "price_on_date": 9.894706752676647,
      "revenue_growth": 15.115261974903243,
      "earnings_growth": 13.210075067798822
    },
    {
      "date": "2024-02-04",
      "quarter": "Q1 2024",
      "revenue": 1065357265.2292974,
      "earnings": 56637468.68114637,
      "eps_actual": 0.04915600452424227,
      "eps_estimate": 0.04720828161818213,
      "surprise_percent": 4.1258076746220365,
      "price_on_date": 10.633809655989829,
      "revenue_growth": 17.302668474926307,
      "earnings_growth": 18.53440859036974
    },
    {
      "date": "2023-11-06",
      "quarter": "Q4 2023",
      "revenue": 1012089401.9678324,
      "earnings": 53805595.24708905,
      "eps_actual": 0.046698204298030156,
      "eps_estimate": 0.046076382686263476,
      "surprise_percent": 1.3495452019328356,
      "price_on_date": 9.158997350737875,
      "revenue_growth": 13.899496236481616,
      "earnings_growth": 17.730758677353645
    }
  ],
  "metrics": {
    "revenue_trend": [
      {
        "date": "2025-07-28",
        "value": 1449284475.6095662
      },
      {
        "date": "2025-04-29",
        "value": 1376820251.8290877
      },
      {
        "date": "2025-01-29",
        "value": 1307979239.2376335
      },
      {
        "date": "2024-10-31",
        "value": 1242580277.2757516
      },
      {
        "date": "2024-08-02",
        "value": 1180451263.4119642
      },
      {
        "date": "2024-05-04",
        "value": 1121428700.2413657
      },
      {
        "date": "2024-02-04",
        "value": 1065357265.2292974
      },
      {
        "date": "2023-11-06",
        "value": 1012089401.9678324
      }
    ],
    "eps_trend": [
      {
        "date": "2025-07-28",
        "value": 0.06687055747880472
      },
      {
        "date": "2025-04-29",
        "value": 0.06352702960486446
      },
      {
        "date": "2025-01-29",
        "value": 0.06035067812462125
      },
      {
        "date": "2024-10-31",
        "value": 0.05733314421839018
      },
      {
        "date": "2024-08-02",
        "value": 0.05446648700747067
      },
      {
        "date": "2024-05-04",
        "value": 0.05174316265709713
      },
      {
        "date": "2024-02-04",
        "value": 0.04915600452424227
      },
      {
        "date": "2023-11-06",
        "value": 0.046698204298030156
      }
    ],
    "earnings_dates": [
      "2025-07-28",
      "2025-04-29",
      "2025-01-29",
      "2024-10-31",
      "2024-08-02",
      "2024-05-04",
      "2024-02-04",
      "2023-11-06"
    ]
  },
  "analysis": {
    "avg_revenue_growth": 14.941936511246956,
    "avg_earnings_surprise": 0.48768537648413923,
    "consistency_score": 79,
    "trend_direction": "growing"
  }
}