{
  "ticker": "WFC",
  "quarters": [
    {
      "date": "2025-07-28",
      "quarter": "Q3 2025",
      "revenue": 116183862012.19038,
      "earnings": 3601419819.13994,
      "eps_actual": 6.208308370672609,
      "eps_estimate": 5.997583172914177,
      "surprise_percent": 3.5135018837269785,
      "price_on_date": 3864.8901075231024,
      "revenue_growth": -15.762429945974162,
      "earnings_growth": -15.882600296810308
    },
    {
      "date": "2025-04-29",
      "quarter": "Q2 2025",
      "revenue": 110374668911.58086,
      "earnings": 3421348828.1829424,
      "eps_actual": 5.897892952138977,
      "eps_estimate": 5.9309909892493335,
      "surprise_percent": -0.5580523924307214,
      "price_on_date": 3244.499841731268,
      "revenue_growth": -19.07820315229504,
      "earnings_growth": -22.24224983034967
    },
    {
      "date": "2025-01-29",
      "quarter": "Q1 2025",
      "revenue": 104855935466.00182,
      "earnings": 3250281386.7737956,
      "eps_actual": 5.602998304532029,
      "eps_estimate": 5.662372861283499,
      "surprise_percent": -1.0485808371512173,
      "price_on_date": 3436.7191295619696,
      "revenue_growth": -16.306339789665635,
      "earnings_growth": -14.427416676558272
    },
    {
      "date": "2024-10-31",
      "quarter": "Q4 2024",
      "revenue": 99613138692.70172,
      "earnings": 3087767317.435106,
      "eps_actual": 5.3228483893054275,
      "eps_estimate": 5.093970241781707,
      "surprise_percent": 4.493119053708214,
      "price_on_date": 3155.933971243347,
      "revenue_growth": -20.028534217064486,
      "earnings_growth": -19.256419281267924
    },
    {
      "date": "2024-08-02",
      "quarter": "Q3 2024",
      "revenue": 94632481758.06664,
      "earnings": 2933378951.56335,
      "eps_actual": 5.056705969840156,
      "eps_estimate": 5.071629724953102,
      "surprise_percent": -0.2942595560460394,
      "price_on_date": 3160.3801875282443,
      "revenue_growth": -14.551900989706043,
      "earnings_growth": -19.894629399323566
    },
    {
      "date": "2024-05-04",
      "quarter": "Q2 2024",
      "revenue": 89900857670.16328,
      "earnings": 2786710003.9851823,
      "eps_actual": 4.803870671348148,
      "eps_estimate": 4.779610929419103,
      "surprise_percent": 0.5075672954826194,
      "price_on_date": 3144.4353628682165,
      "revenue_growth": -16.80565466909838,
      "earnings_growth": -12.823179724203516
    },
    {
      "date": "2024-02-04",
      "quarter": "Q1 2024",
      "revenue": 85405814786.65512,
      "earnings": 2647374503.785923,
      "eps_actual": 4.56367713778074,
      "eps_estimate": 4.513048609994485,
      "surprise_percent": 1.1218254479717897,
      "price_on_date": 2882.5671829966395,
      "revenue_growth": -19.659062459025478,
      "earnings_growth": -12.911356194088674
    },
    {
      "date": "2023-11-06",
      "quarter": "Q4 2023",
      "revenue": 81135524047.32236,
      "earnings": 2515005778.5966268,
      "eps_actual": 4.335493280891702,
      "eps_estimate": 4.302863584220912,
      "surprise_percent": 0.7583251486393202,
      "price_on_date": 2464.7157775602227,
      "revenue_growth": -14.503933049861411,
      "earnings_growth": -22.479425056155453
    }
  ],
  "metrics": {
    "revenue_trend": [
      {
        "date": "2025-07-28",
        "value": 116183862012.19038
      },
      {
        "date": "2025-04-29",
        "value": 110374668911.58086
      },
      {
        "date": "2025-01-29",
        "value": 104855935466.00182
      },
      {
        "date": "2024-10-31",
        "value": 99613138692.70172
      },
      {
        "date": "2024-08-02",
        "value": 94632481758.06664
      },
      {
        "date": "2024-05-04",
        "value": 89900857670.16328
      },
      {
        "date": "2024-02-04",
        "value": 85405814786.65512
      },
      {
        "date": "2023-11-06",
        "value": 81135524047.32236
      }
    ],
    "eps_trend": [
      {
        "date": "2025-07-28",
        "value": 6.208308370672609
      },
      {
        "date": "2025-04-29",
        "value": 5.897892952138977
      },
      {
        "date": "2025-01-29",
        "value": 5.602998304532029
      },
      {
        "date": "2024-10-31",
        "value": 5.3228483893054275
      },
      {
        "date": "2024-08-02",
        "value": 5.056705969840156
      },
      {
        "date": "2024-05-04",
        "value": 4.803870671348148
      },
      {
        "date": "2024-02-04",
        "value": 4.56367713778074
      },
      {
        "date": "2023-11-06",
        "value": 4.335493280891702
      }
    ],
    "earnings_dates": [
      "2025-07-28",
      "2025-04-29",
      "2025-01-29",
      "2024-10-31",
      "2024-08-02",
      "2024-05-04",
      "2024-02-04",
      "2023-11-06"
    ]
  },
  "analysis": {
    "avg_revenue_growth": -17.79387677624983,
    "avg_earnings_surprise": 1.5999969269633134,
    "consistency_score": 72,
    "trend_direction": "declining"
  }
}