{
  "ticker": "WM",
  "quarters": [
    {
      "date": "2025-07-28",
      "quarter": "Q3 2025",
      "revenue": 835122303.8298533,
      "earnings": 26972185.356290057,
      "eps_actual": 0.013989234298479147,
      "eps_estimate": 0.013578143126293896,
      "surprise_percent": 3.0275949248846725,
      "price_on_date": 9.823042248756302,
      "revenue_growth": 32.015244865986126,
      "earnings_growth": 36.934067946209225
    },
    {
      "date": "2025-04-29",
      "quarter": "Q2 2025",
      "revenue": 793366188.6383606,
      "earnings": 25623576.088475555,
      "eps_actual": 0.01328977258355519,
      "eps_estimate": 0.01292370685543698,
      "surprise_percent": 2.8325133973787646,
      "price_on_date": 9.303026074440764,
      "revenue_growth": 29.150069908417077,
      "earnings_growth": 34.48344888841662
    },
    {
      "date": "2025-01-29",
      "quarter": "Q1 2025",
      "revenue": 753697879.2064426,
      "earnings": 24342397.28405178,
      "eps_actual": 0.012625283954377432,
      "eps_estimate": 0.012464991710976618,
      "surprise_percent": 1.2859394303460454,
      "price_on_date": 8.198281663892589,
      "revenue_growth": 42.08983378289621,
      "earnings_growth": 35.624037374476636
    },
    {
      "date": "2024-10-31",
      "quarter": "Q4 2024",
      "revenue": 716012985.2461203,
      "earnings": 23125277.419849183,
      "eps_actual": 0.011994019756658557,
      "eps_estimate": 0.011828333569702294,
      "surprise_percent": 1.4007568012848413,
      "price_on_date": 7.5834543113606765,
      "revenue_growth": 35.48107845464228,
      "earnings_growth": 25.872082446148447
    },
    {
      "date": "2024-08-02",
      "quarter": "Q3 2024",
      "revenue": 680212335.9838144,
      "earnings": 21969013.548856728,
      "eps_actual": 0.01139431876882563,
      "eps_estimate": 0.011551377661218316,
      "surprise_percent": -1.359655073177832,
      "price_on_date": 7.037533477627069,
      "revenue_growth": 29.817361034185627,
      "earnings_growth": 37.66934385527531
    },
    {
      "date": "2024-05-04",
      "quarter": "Q2 2024",
      "revenue": 646201719.1846235,
      "earnings": 20870562.871413887,
      "eps_actual": 0.010824602830384347,
      "eps_estimate": 0.010725338593269025,
      "surprise_percent": 0.9255114535742308,
      "price_on_date": 7.143274943678764,
      "revenue_growth": 28.59625559496182,
      "earnings_growth": 38.60736088422415
    },
    {
      "date": "2024-02-04",
      "quarter": "Q1 2024",
      "revenue": 613891633.2253923,
      "earnings": 19827034.72784319,
      "eps_actual": 0.010283372688865129,
      "eps_estimate": 0.010432560790960483,
      "surprise_percent": -1.4300237984198638,
      "price_on_date": 6.48758471223887,
      "revenue_growth": 37.88201560517556,
      "earnings_growth": 45.12948819211841
    },
    {
      "date": "2023-11-06",
      "quarter": "Q4 2023",
      "revenue": 583197051.5641227,
      "earnings": 18835682.991451032,
      "eps_actual": 0.009769204054421873,
      "eps_estimate": 0.009914906613722164,
      "surprise_percent": -1.4695303241549422,
      "price_on_date": 6.620504011062167,
      "revenue_growth": 30.837300405095334,
      "earnings_growth": 37.6697759681108
    }
  ],
  "metrics": {
    "revenue_trend": [
      {
        "date": "2025-07-28",
        "value": 835122303.8298533
      },
      {
        "date": "2025-04-29",
        "value": 793366188.6383606
      },
      {
        "date": "2025-01-29",
        "value": 753697879.2064426
      },
      {
        "date": "2024-10-31",
        "value": 716012985.2461203
      },
      {
        "date": "2024-08-02",
        "value": 680212335.9838144
      },
      {
        "date": "2024-05-04",
        "value": 646201719.1846235
      },
      {
        "date": "2024-02-04",
        "value": 613891633.2253923
      },
      {
        "date": "2023-11-06",
        "value": 583197051.5641227
      }
    ],
    "eps_trend": [
      {
        "date": "2025-07-28",
        "value": 0.013989234298479147
      },
      {
        "date": "2025-04-29",
        "value": 0.01328977258355519
      },
      {
        "date": "2025-01-29",
        "value": 0.012625283954377432
      },
      {
        "date": "2024-10-31",
        "value": 0.011994019756658557
      },
      {
        "date": "2024-08-02",
        "value": 0.01139431876882563
      },
      {
        "date": "2024-05-04",
        "value": 0.010824602830384347
      },
      {
        "date": "2024-02-04",
        "value": 0.010283372688865129
      },
      {
        "date": "2023-11-06",
        "value": 0.009769204054421873
      }
    ],
    "earnings_dates": [
      "2025-07-28",
      "2025-04-29",
      "2025-01-29",
      "2024-10-31",
      "2024-08-02",
      "2024-05-04",
      "2024-02-04",
      "2023-11-06"
    ]
  },
  "analysis": {
    "avg_revenue_growth": 34.68405675298542,
    "avg_earnings_surprise": 2.136701138473581,
    "consistency_score": 81,
    "trend_direction": "growing"
  }
}