{
  "ticker": "WMB",
  "quarters": [
    {
      "date": "2025-07-28",
      "quarter": "Q3 2025",
      "revenue": 766159725.105703,
      "earnings": 230913005.86260405,
      "eps_actual": 1.031052478896717,
      "eps_estimate": 1.0393482555049398,
      "surprise_percent": -0.7981710234547418,
      "price_on_date": 265.1632135858283,
      "revenue_growth": 32.23518492655625,
      "earnings_growth": 39.45428420184545
    },
    {
      "date": "2025-04-29",
      "quarter": "Q2 2025",
      "revenue": 727851738.8504179,
      "earnings": 219367355.56947383,
      "eps_actual": 0.9794998549518812,
      "eps_estimate": 0.9537117143965665,
      "surprise_percent": 2.7039764916415376,
      "price_on_date": 299.017252225929,
      "revenue_growth": 31.743129792376095,
      "earnings_growth": 34.49555754090865
    },
    {
      "date": "2025-01-29",
      "quarter": "Q1 2025",
      "revenue": 691459151.9078969,
      "earnings": 208398987.79100013,
      "eps_actual": 0.9305248622042871,
      "eps_estimate": 0.8978577584906122,
      "surprise_percent": 3.6383384121546722,
      "price_on_date": 235.8851877724406,
      "revenue_growth": 30.38758729616911,
      "earnings_growth": 35.21124453943902
    },
    {
      "date": "2024-10-31",
      "quarter": "Q4 2024",
      "revenue": 656886194.312502,
      "earnings": 197979038.40145013,
      "eps_actual": 0.8839986190940727,
      "eps_estimate": 0.8964470634125494,
      "surprise_percent": -1.388642433730396,
      "price_on_date": 258.6114185280774,
      "revenue_growth": 36.668616761214444,
      "earnings_growth": 36.99314436272691
    },
    {
      "date": "2024-08-02",
      "quarter": "Q3 2024",
      "revenue": 624041884.5968769,
      "earnings": 188080086.4813776,
      "eps_actual": 0.839798688139369,
      "eps_estimate": 0.8120165542743593,
      "surprise_percent": 3.421375305560933,
      "price_on_date": 236.08068624404186,
      "revenue_growth": 39.12301476232464,
      "earnings_growth": 28.457499598316453
    },
    {
      "date": "2024-05-04",
      "quarter": "Q2 2024",
      "revenue": 592839790.367033,
      "earnings": 178676082.1573087,
      "eps_actual": 0.7978087537324005,
      "eps_estimate": 0.7861420878650847,
      "surprise_percent": 1.48404035954859,
      "price_on_date": 231.58024367974917,
      "revenue_growth": 40.119252682749114,
      "earnings_growth": 36.38989396106938
    },
    {
      "date": "2024-02-04",
      "quarter": "Q1 2024",
      "revenue": 563197800.8486813,
      "earnings": 169742278.04944327,
      "eps_actual": 0.7579183160457805,
      "eps_estimate": 0.7316202550539688,
      "surprise_percent": 3.594496025793033,
      "price_on_date": 210.9029838023224,
      "revenue_growth": 29.162233228864032,
      "earnings_growth": 45.61026315025897
    },
    {
      "date": "2023-11-06",
      "quarter": "Q4 2023",
      "revenue": 535037910.80624723,
      "earnings": 161255164.14697108,
      "eps_actual": 0.7200224002434913,
      "eps_estimate": 0.7256006857011972,
      "surprise_percent": -0.7687817235612469,
      "price_on_date": 208.5608924119912,
      "revenue_growth": 30.253330349063013,
      "earnings_growth": 41.011425380554975
    }
  ],
  "metrics": {
    "revenue_trend": [
      {
        "date": "2025-07-28",
        "value": 766159725.105703
      },
      {
        "date": "2025-04-29",
        "value": 727851738.8504179
      },
      {
        "date": "2025-01-29",
        "value": 691459151.9078969
      },
      {
        "date": "2024-10-31",
        "value": 656886194.312502
      },
      {
        "date": "2024-08-02",
        "value": 624041884.5968769
      },
      {
        "date": "2024-05-04",
        "value": 592839790.367033
      },
      {
        "date": "2024-02-04",
        "value": 563197800.8486813
      },
      {
        "date": "2023-11-06",
        "value": 535037910.80624723
      }
    ],
    "eps_trend": [
      {
        "date": "2025-07-28",
        "value": 1.031052478896717
      },
      {
        "date": "2025-04-29",
        "value": 0.9794998549518812
      },
      {
        "date": "2025-01-29",
        "value": 0.9305248622042871
      },
      {
        "date": "2024-10-31",
        "value": 0.8839986190940727
      },
      {
        "date": "2024-08-02",
        "value": 0.839798688139369
      },
      {
        "date": "2024-05-04",
        "value": 0.7978087537324005
      },
      {
        "date": "2024-02-04",
        "value": 0.7579183160457805
      },
      {
        "date": "2023-11-06",
        "value": 0.7200224002434913
      }
    ],
    "earnings_dates": [
      "2025-07-28",
      "2025-04-29",
      "2025-01-29",
      "2024-10-31",
      "2024-08-02",
      "2024-05-04",
      "2024-02-04",
      "2023-11-06"
    ]
  },
  "analysis": {
    "avg_revenue_growth": 32.75862969407898,
    "avg_earnings_surprise": 1.0388753616527682,
    "consistency_score": 87,
    "trend_direction": "growing"
  }
}