{
  "ticker": "WMT",
  "quarters": [
    {
      "date": "2025-07-28",
      "quarter": "Q3 2025",
      "revenue": 98355060058.82643,
      "earnings": 9492756833.463911,
      "eps_actual": 65.03178897013245,
      "eps_estimate": 62.87601509788023,
      "surprise_percent": 3.428610844526794,
      "price_on_date": 16084.929204306112,
      "revenue_growth": 46.501982498433264,
      "earnings_growth": 47.80891414440737
    },
    {
      "date": "2025-04-29",
      "quarter": "Q2 2025",
      "revenue": 93437307055.8851,
      "earnings": 9018118991.790714,
      "eps_actual": 61.780199521625825,
      "eps_estimate": 58.846637334957535,
      "surprise_percent": 4.985097398123754,
      "price_on_date": 15448.446261948115,
      "revenue_growth": 46.22654626642897,
      "earnings_growth": 33.04750656273485
    },
    {
      "date": "2025-01-29",
      "quarter": "Q1 2025",
      "revenue": 88765441703.09085,
      "earnings": 8567213042.2011795,
      "eps_actual": 58.69118954554454,
      "eps_estimate": 58.23995352515396,
      "surprise_percent": 0.77478774119504,
      "price_on_date": 15779.173605610918,
      "revenue_growth": 43.62640304460412,
      "earnings_growth": 42.0478103928698
    },
    {
      "date": "2024-10-31",
      "quarter": "Q4 2024",
      "revenue": 84327169617.9363,
      "earnings": 8138852390.091119,
      "eps_actual": 55.7566300682673,
      "eps_estimate": 53.48302060875506,
      "surprise_percent": 4.251086482464029,
      "price_on_date": 14401.636101992637,
      "revenue_growth": 49.200653398441105,
      "earnings_growth": 37.453237690483355
    },
    {
      "date": "2024-08-02",
      "quarter": "Q3 2024",
      "revenue": 80110811137.03949,
      "earnings": 7731909770.586564,
      "eps_actual": 52.96879856485395,
      "eps_estimate": 51.650172583063984,
      "surprise_percent": 2.552994338342907,
      "price_on_date": 13962.863421019363,
      "revenue_growth": 45.9339618962781,
      "earnings_growth": 45.29587759225075
    },
    {
      "date": "2024-05-04",
      "quarter": "Q2 2024",
      "revenue": 76105270580.1875,
      "earnings": 7345314282.057234,
      "eps_actual": 50.32035863661123,
      "eps_estimate": 48.832538574937665,
      "surprise_percent": 3.046780087810469,
      "price_on_date": 13754.405744559239,
      "revenue_growth": 42.823615807640444,
      "earnings_growth": 51.3954153648284
    },
    {
      "date": "2024-02-04",
      "quarter": "Q1 2024",
      "revenue": 72300007051.17813,
      "earnings": 6978048567.954373,
      "eps_actual": 47.80434070478068,
      "eps_estimate": 45.89784557707783,
      "surprise_percent": 4.153779123469323,
      "price_on_date": 11680.878897605227,
      "revenue_growth": 46.02015837773087,
      "earnings_growth": 42.34922902633868
    },
    {
      "date": "2023-11-06",
      "quarter": "Q4 2023",
      "revenue": 68685006698.61921,
      "earnings": 6629146139.556653,
      "eps_actual": 45.41412366954164,
      "eps_estimate": 44.84797117354559,
      "surprise_percent": 1.2623815106490388,
      "price_on_date": 12136.143695093633,
      "revenue_growth": 46.802492336346525,
      "earnings_growth": 50.74425021978807
    }
  ],
  "metrics": {
    "revenue_trend": [
      {
        "date": "2025-07-28",
        "value": 98355060058.82643
      },
      {
        "date": "2025-04-29",
        "value": 93437307055.8851
      },
      {
        "date": "2025-01-29",
        "value": 88765441703.09085
      },
      {
        "date": "2024-10-31",
        "value": 84327169617.9363
      },
      {
        "date": "2024-08-02",
        "value": 80110811137.03949
      },
      {
        "date": "2024-05-04",
        "value": 76105270580.1875
      },
      {
        "date": "2024-02-04",
        "value": 72300007051.17813
      },
      {
        "date": "2023-11-06",
        "value": 68685006698.61921
      }
    ],
    "eps_trend": [
      {
        "date": "2025-07-28",
        "value": 65.03178897013245
      },
      {
        "date": "2025-04-29",
        "value": 61.780199521625825
      },
      {
        "date": "2025-01-29",
        "value": 58.69118954554454
      },
      {
        "date": "2024-10-31",
        "value": 55.7566300682673
      },
      {
        "date": "2024-08-02",
        "value": 52.96879856485395
      },
      {
        "date": "2024-05-04",
        "value": 50.32035863661123
      },
      {
        "date": "2024-02-04",
        "value": 47.80434070478068
      },
      {
        "date": "2023-11-06",
        "value": 45.41412366954164
      }
    ],
    "earnings_dates": [
      "2025-07-28",
      "2025-04-29",
      "2025-01-29",
      "2024-10-31",
      "2024-08-02",
      "2024-05-04",
      "2024-02-04",
      "2023-11-06"
    ]
  },
  "analysis": {
    "avg_revenue_growth": 46.38889630197686,
    "avg_earnings_surprise": 3.359895616577404,
    "consistency_score": 61,
    "trend_direction": "growing"
  }
}