{
  "ticker": "WRB",
  "quarters": [
    {
      "date": "2025-07-28",
      "quarter": "Q3 2025",
      "revenue": 2143014879.3387594,
      "earnings": 127472381.71699548,
      "eps_actual": 0.027190052552563983,
      "eps_estimate": 0.026833871062813097,
      "surprise_percent": 1.3273578341236405,
      "price_on_date": 19.101929844511197,
      "revenue_growth": -12.599438985068543,
      "earnings_growth": -12.64597744325735
    },
    {
      "date": "2025-04-29",
      "quarter": "Q2 2025",
      "revenue": 2035864135.3718214,
      "earnings": 121098762.6311457,
      "eps_actual": 0.025830549924935785,
      "eps_estimate": 0.0253560857732495,
      "surprise_percent": 1.8712042384193321,
      "price_on_date": 20.470676861211043,
      "revenue_growth": -17.542752845212355,
      "earnings_growth": -14.633077935717983
    },
    {
      "date": "2025-01-29",
      "quarter": "Q1 2025",
      "revenue": 1934070928.6032302,
      "earnings": 115043824.49958842,
      "eps_actual": 0.024539022428688995,
      "eps_estimate": 0.023847297812471087,
      "surprise_percent": 2.900641496816324,
      "price_on_date": 17.60044476971725,
      "revenue_growth": -17.354406052767484,
      "earnings_growth": -14.24148979488225
    },
    {
      "date": "2024-10-31",
      "quarter": "Q4 2024",
      "revenue": 1837367382.1730685,
      "earnings": 109291633.27460898,
      "eps_actual": 0.023312071307254545,
      "eps_estimate": 0.022150670596173056,
      "surprise_percent": 5.243185329486785,
      "price_on_date": 16.362109109630392,
      "revenue_growth": -16.7421817087114,
      "earnings_growth": -13.803781863241175
    },
    {
      "date": "2024-08-02",
      "quarter": "Q3 2024",
      "revenue": 1745499013.0644152,
      "earnings": 103827051.61087854,
      "eps_actual": 0.02214646774189182,
      "eps_estimate": 0.021104181002076478,
      "surprise_percent": 4.938768956316231,
      "price_on_date": 15.428993589374047,
      "revenue_growth": -17.88736969747028,
      "earnings_growth": -17.581746658453262
    },
    {
      "date": "2024-05-04",
      "quarter": "Q2 2024",
      "revenue": 1658224062.411194,
      "earnings": 98635699.03033459,
      "eps_actual": 0.021039144354797222,
      "eps_estimate": 0.020293700402497304,
      "surprise_percent": 3.673277605932258,
      "price_on_date": 16.89998325821444,
      "revenue_growth": -12.300063582582426,
      "earnings_growth": -17.37406229435178
    },
    {
      "date": "2024-02-04",
      "quarter": "Q1 2024",
      "revenue": 1575312859.2906344,
      "earnings": 93703914.07881786,
      "eps_actual": 0.01998718713705736,
      "eps_estimate": 0.019409816001447044,
      "surprise_percent": 2.974634770197051,
      "price_on_date": 14.281089937354928,
      "revenue_growth": -14.24838647134838,
      "earnings_growth": -14.923254518526976
    },
    {
      "date": "2023-11-06",
      "quarter": "Q4 2023",
      "revenue": 1496547216.3261025,
      "earnings": 89018718.37487696,
      "eps_actual": 0.01898782778020449,
      "eps_estimate": 0.019302698805198977,
      "surprise_percent": -1.63122798615953,
      "price_on_date": 13.729974247496177,
      "revenue_growth": -13.96333063015678,
      "earnings_growth": -17.834061900199316
    }
  ],
  "metrics": {
    "revenue_trend": [
      {
        "date": "2025-07-28",
        "value": 2143014879.3387594
      },
      {
        "date": "2025-04-29",
        "value": 2035864135.3718214
      },
      {
        "date": "2025-01-29",
        "value": 1934070928.6032302
      },
      {
        "date": "2024-10-31",
        "value": 1837367382.1730685
      },
      {
        "date": "2024-08-02",
        "value": 1745499013.0644152
      },
      {
        "date": "2024-05-04",
        "value": 1658224062.411194
      },
      {
        "date": "2024-02-04",
        "value": 1575312859.2906344
      },
      {
        "date": "2023-11-06",
        "value": 1496547216.3261025
      }
    ],
    "eps_trend": [
      {
        "date": "2025-07-28",
        "value": 0.027190052552563983
      },
      {
        "date": "2025-04-29",
        "value": 0.025830549924935785
      },
      {
        "date": "2025-01-29",
        "value": 0.024539022428688995
      },
      {
        "date": "2024-10-31",
        "value": 0.023312071307254545
      },
      {
        "date": "2024-08-02",
        "value": 0.02214646774189182
      },
      {
        "date": "2024-05-04",
        "value": 0.021039144354797222
      },
      {
        "date": "2024-02-04",
        "value": 0.01998718713705736
      },
      {
        "date": "2023-11-06",
        "value": 0.01898782778020449
      }
    ],
    "earnings_dates": [
      "2025-07-28",
      "2025-04-29",
      "2025-01-29",
      "2024-10-31",
      "2024-08-02",
      "2024-05-04",
      "2024-02-04",
      "2023-11-06"
    ]
  },
  "analysis": {
    "avg_revenue_growth": -16.059694897939945,
    "avg_earnings_surprise": 2.8355972247115204,
    "consistency_score": 68,
    "trend_direction": "declining"
  }
}