{
  "ticker": "WSM",
  "quarters": [
    {
      "date": "2025-07-28",
      "quarter": "Q3 2025",
      "revenue": 1369789891.5496612,
      "earnings": 71253589.38387875,
      "eps_actual": 0.016023803925695836,
      "eps_estimate": 0.015521556923671766,
      "surprise_percent": 3.235802983514479,
      "price_on_date": 14.658883764855862,
      "revenue_growth": 23.275931702914004,
      "earnings_growth": 23.146428088322022
    },
    {
      "date": "2025-04-29",
      "quarter": "Q2 2025",
      "revenue": 1301300396.972178,
      "earnings": 67690909.91468482,
      "eps_actual": 0.015222613729411043,
      "eps_estimate": 0.0150135444602878,
      "surprise_percent": 1.3925377160353514,
      "price_on_date": 14.752473768899888,
      "revenue_growth": 27.802083163620622,
      "earnings_growth": 17.44605295831878
    },
    {
      "date": "2025-01-29",
      "quarter": "Q1 2025",
      "revenue": 1236235377.1235693,
      "earnings": 64306364.41895058,
      "eps_actual": 0.014461483042940492,
      "eps_estimate": 0.014258849381527671,
      "surprise_percent": 1.4211080851680276,
      "price_on_date": 13.135907612476219,
      "revenue_growth": 26.77060583665584,
      "earnings_growth": 16.689865398077544
    },
    {
      "date": "2024-10-31",
      "quarter": "Q4 2024",
      "revenue": 1174423608.2673905,
      "earnings": 61091046.19800304,
      "eps_actual": 0.013738408890793466,
      "eps_estimate": 0.01385909603754715,
      "surprise_percent": -0.870815430001486,
      "price_on_date": 13.3436256473521,
      "revenue_growth": 26.029830770142613,
      "earnings_growth": 20.629800368271116
    },
    {
      "date": "2024-08-02",
      "quarter": "Q3 2024",
      "revenue": 1115702427.854021,
      "earnings": 58036493.88810289,
      "eps_actual": 0.013051488446253793,
      "eps_estimate": 0.012859079510203215,
      "surprise_percent": 1.4962885632514178,
      "price_on_date": 13.613335451649602,
      "revenue_growth": 25.43229938282124,
      "earnings_growth": 17.8542640879886
    },
    {
      "date": "2024-05-04",
      "quarter": "Q2 2024",
      "revenue": 1059917306.4613198,
      "earnings": 55134669.193697736,
      "eps_actual": 0.0123989140239411,
      "eps_estimate": 0.012537642510865848,
      "surprise_percent": -1.106495793005089,
      "price_on_date": 12.164788262752808,
      "revenue_growth": 25.85686114426094,
      "earnings_growth": 24.783325513678037
    },
    {
      "date": "2024-02-04",
      "quarter": "Q1 2024",
      "revenue": 1006921441.1382538,
      "earnings": 52377935.73401285,
      "eps_actual": 0.011778968322744046,
      "eps_estimate": 0.011573455701610613,
      "surprise_percent": 1.775723918870943,
      "price_on_date": 12.112556352299165,
      "revenue_growth": 22.888982168748598,
      "earnings_growth": 23.865019480616382
    },
    {
      "date": "2023-11-06",
      "quarter": "Q4 2023",
      "revenue": 956575369.081341,
      "earnings": 49759038.9473122,
      "eps_actual": 0.01119001990660684,
      "eps_estimate": 0.010964273046617599,
      "surprise_percent": 2.058931394990051,
      "price_on_date": 11.64013625133722,
      "revenue_growth": 20.856230840468456,
      "earnings_growth": 24.396664844237428
    }
  ],
  "metrics": {
    "revenue_trend": [
      {
        "date": "2025-07-28",
        "value": 1369789891.5496612
      },
      {
        "date": "2025-04-29",
        "value": 1301300396.972178
      },
      {
        "date": "2025-01-29",
        "value": 1236235377.1235693
      },
      {
        "date": "2024-10-31",
        "value": 1174423608.2673905
      },
      {
        "date": "2024-08-02",
        "value": 1115702427.854021
      },
      {
        "date": "2024-05-04",
        "value": 1059917306.4613198
      },
      {
        "date": "2024-02-04",
        "value": 1006921441.1382538
      },
      {
        "date": "2023-11-06",
        "value": 956575369.081341
      }
    ],
    "eps_trend": [
      {
        "date": "2025-07-28",
        "value": 0.016023803925695836
      },
      {
        "date": "2025-04-29",
        "value": 0.015222613729411043
      },
      {
        "date": "2025-01-29",
        "value": 0.014461483042940492
      },
      {
        "date": "2024-10-31",
        "value": 0.013738408890793466
      },
      {
        "date": "2024-08-02",
        "value": 0.013051488446253793
      },
      {
        "date": "2024-05-04",
        "value": 0.0123989140239411
      },
      {
        "date": "2024-02-04",
        "value": 0.011778968322744046
      },
      {
        "date": "2023-11-06",
        "value": 0.01119001990660684
      }
    ],
    "earnings_dates": [
      "2025-07-28",
      "2025-04-29",
      "2025-01-29",
      "2024-10-31",
      "2024-08-02",
      "2024-05-04",
      "2024-02-04",
      "2023-11-06"
    ]
  },
  "analysis": {
    "avg_revenue_growth": 25.96961286833327,
    "avg_earnings_surprise": 1.2946583386790929,
    "consistency_score": 75,
    "trend_direction": "growing"
  }
}