{
  "ticker": "WST",
  "quarters": [
    {
      "date": "2025-07-28",
      "quarter": "Q3 2025",
      "revenue": 1296281356.6762412,
      "earnings": 202527107.20012602,
      "eps_actual": 0.24300220272786477,
      "eps_estimate": 0.24597941231130493,
      "surprise_percent": -1.2103490920094928,
      "price_on_date": 67.27722940785242,
      "revenue_growth": 26.676195415560706,
      "earnings_growth": 27.656596098689654
    },
    {
      "date": "2025-04-29",
      "quarter": "Q2 2025",
      "revenue": 1231467288.8424292,
      "earnings": 192400751.84011975,
      "eps_actual": 0.23085209259147155,
      "eps_estimate": 0.2213525846092314,
      "surprise_percent": 4.291573102256863,
      "price_on_date": 63.60009276441237,
      "revenue_growth": 23.265007962305713,
      "earnings_growth": 35.50372673500483
    },
    {
      "date": "2025-01-29",
      "quarter": "Q1 2025",
      "revenue": 1169893924.4003077,
      "earnings": 182780714.24811375,
      "eps_actual": 0.21930948796189798,
      "eps_estimate": 0.21540971088675004,
      "surprise_percent": 1.8103998464573465,
      "price_on_date": 58.40030846698883,
      "revenue_growth": 22.539462567743975,
      "earnings_growth": 20.461732859208666
    },
    {
      "date": "2024-10-31",
      "quarter": "Q4 2024",
      "revenue": 1111399228.1802921,
      "earnings": 173641678.53570804,
      "eps_actual": 0.20834401356380303,
      "eps_estimate": 0.20080509474391772,
      "surprise_percent": 3.754346387226639,
      "price_on_date": 55.8246625287083,
      "revenue_growth": 28.79937499894558,
      "earnings_growth": 33.46392743200755
    },
    {
      "date": "2024-08-02",
      "quarter": "Q3 2024",
      "revenue": 1055829266.7712775,
      "earnings": 164959594.60892263,
      "eps_actual": 0.19792681288561287,
      "eps_estimate": 0.1992757298596762,
      "surprise_percent": -0.6769098148646606,
      "price_on_date": 46.799249000831814,
      "revenue_growth": 30.325053653657037,
      "earnings_growth": 28.092010210732848
    },
    {
      "date": "2024-05-04",
      "quarter": "Q2 2024",
      "revenue": 1003037803.4327135,
      "earnings": 156711614.87847647,
      "eps_actual": 0.1880304722413322,
      "eps_estimate": 0.17996229957273818,
      "surprise_percent": 4.483257153164453,
      "price_on_date": 45.043870176742075,
      "revenue_growth": 29.447718208289125,
      "earnings_growth": 25.013356648868474
    },
    {
      "date": "2024-02-04",
      "quarter": "Q1 2024",
      "revenue": 952885913.2610778,
      "earnings": 148876034.13455266,
      "eps_actual": 0.1786289486292656,
      "eps_estimate": 0.17398326150176846,
      "surprise_percent": 2.6701919985848246,
      "price_on_date": 49.58517980291273,
      "revenue_growth": 25.43976246862823,
      "earnings_growth": 31.0677654720261
    },
    {
      "date": "2023-11-06",
      "quarter": "Q4 2023",
      "revenue": 905241617.5980238,
      "earnings": 141432232.427825,
      "eps_actual": 0.1696975011978023,
      "eps_estimate": 0.1635818388719266,
      "surprise_percent": 3.738594924748251,
      "price_on_date": 44.979490146984595,
      "revenue_growth": 32.11048762702632,
      "earnings_growth": 31.308928120360143
    }
  ],
  "metrics": {
    "revenue_trend": [
      {
        "date": "2025-07-28",
        "value": 1296281356.6762412
      },
      {
        "date": "2025-04-29",
        "value": 1231467288.8424292
      },
      {
        "date": "2025-01-29",
        "value": 1169893924.4003077
      },
      {
        "date": "2024-10-31",
        "value": 1111399228.1802921
      },
      {
        "date": "2024-08-02",
        "value": 1055829266.7712775
      },
      {
        "date": "2024-05-04",
        "value": 1003037803.4327135
      },
      {
        "date": "2024-02-04",
        "value": 952885913.2610778
      },
      {
        "date": "2023-11-06",
        "value": 905241617.5980238
      }
    ],
    "eps_trend": [
      {
        "date": "2025-07-28",
        "value": 0.24300220272786477
      },
      {
        "date": "2025-04-29",
        "value": 0.23085209259147155
      },
      {
        "date": "2025-01-29",
        "value": 0.21930948796189798
      },
      {
        "date": "2024-10-31",
        "value": 0.20834401356380303
      },
      {
        "date": "2024-08-02",
        "value": 0.19792681288561287
      },
      {
        "date": "2024-05-04",
        "value": 0.1880304722413322
      },
      {
        "date": "2024-02-04",
        "value": 0.1786289486292656
      },
      {
        "date": "2023-11-06",
        "value": 0.1696975011978023
      }
    ],
    "earnings_dates": [
      "2025-07-28",
      "2025-04-29",
      "2025-01-29",
      "2024-10-31",
      "2024-08-02",
      "2024-05-04",
      "2024-02-04",
      "2023-11-06"
    ]
  },
  "analysis": {
    "avg_revenue_growth": 25.32001023613899,
    "avg_earnings_surprise": 2.161492560982839,
    "consistency_score": 66,
    "trend_direction": "growing"
  }
}