{
  "ticker": "WTW",
  "quarters": [
    {
      "date": "2025-07-28",
      "quarter": "Q3 2025",
      "revenue": 818350643.1354563,
      "earnings": 82189894.07906702,
      "eps_actual": 0.33910068889224604,
      "eps_estimate": 0.3280929287418403,
      "surprise_percent": 3.3550738787994936,
      "price_on_date": 11.7710376270513,
      "revenue_growth": 15.104219020025932,
      "earnings_growth": 17.047277830960677
    },
    {
      "date": "2025-04-29",
      "quarter": "Q2 2025",
      "revenue": 777433110.9786835,
      "earnings": 78080399.37511367,
      "eps_actual": 0.3221456544476337,
      "eps_estimate": 0.30616218587730537,
      "surprise_percent": 5.220588729639434,
      "price_on_date": 11.419817821454533,
      "revenue_growth": 13.854173887332419,
      "earnings_growth": 21.227487231676516
    },
    {
      "date": "2025-01-29",
      "quarter": "Q1 2025",
      "revenue": 738561455.4297493,
      "earnings": 74176379.40635797,
      "eps_actual": 0.306038371725252,
      "eps_estimate": 0.29884693913663196,
      "surprise_percent": 2.406393255823891,
      "price_on_date": 11.577350492632137,
      "revenue_growth": 13.989278968358224,
      "earnings_growth": 17.707281991668356
    },
    {
      "date": "2024-10-31",
      "quarter": "Q4 2024",
      "revenue": 701633382.6582618,
      "earnings": 70467560.43604007,
      "eps_actual": 0.2907364531389894,
      "eps_estimate": 0.2878700202913649,
      "surprise_percent": 0.9957385783775844,
      "price_on_date": 10.994675213114625,
      "revenue_growth": 14.775812623459249,
      "earnings_growth": 14.588428354018319
    },
    {
      "date": "2024-08-02",
      "quarter": "Q3 2024",
      "revenue": 666551713.5253487,
      "earnings": 66944182.41423807,
      "eps_actual": 0.27619963048203994,
      "eps_estimate": 0.2732216281688479,
      "surprise_percent": 1.0899584828444442,
      "price_on_date": 9.396890130422166,
      "revenue_growth": 14.513266329585205,
      "earnings_growth": 19.643011488271735
    },
    {
      "date": "2024-05-04",
      "quarter": "Q2 2024",
      "revenue": 633224127.8490812,
      "earnings": 63596973.29352616,
      "eps_actual": 0.26238964895793787,
      "eps_estimate": 0.24967000183644733,
      "surprise_percent": 5.094583661605798,
      "price_on_date": 8.630718182454178,
      "revenue_growth": 15.73192134752344,
      "earnings_growth": 13.120977306579316
    },
    {
      "date": "2024-02-04",
      "quarter": "Q1 2024",
      "revenue": 601562921.4566271,
      "earnings": 60417124.62884986,
      "eps_actual": 0.249270166510041,
      "eps_estimate": 0.238504870699557,
      "surprise_percent": 4.513658685002272,
      "price_on_date": 8.653515782360387,
      "revenue_growth": 16.52942496503571,
      "earnings_growth": 20.210059361175915
    },
    {
      "date": "2023-11-06",
      "quarter": "Q4 2023",
      "revenue": 571484775.3837957,
      "earnings": 57396268.39740736,
      "eps_actual": 0.23680665818453894,
      "eps_estimate": 0.23647079700765883,
      "surprise_percent": 0.14203072054991916,
      "price_on_date": 8.478017778209608,
      "revenue_growth": 18.02897319631368,
      "earnings_growth": 20.965534393738423
    }
  ],
  "metrics": {
    "revenue_trend": [
      {
        "date": "2025-07-28",
        "value": 818350643.1354563
      },
      {
        "date": "2025-04-29",
        "value": 777433110.9786835
      },
      {
        "date": "2025-01-29",
        "value": 738561455.4297493
      },
      {
        "date": "2024-10-31",
        "value": 701633382.6582618
      },
      {
        "date": "2024-08-02",
        "value": 666551713.5253487
      },
      {
        "date": "2024-05-04",
        "value": 633224127.8490812
      },
      {
        "date": "2024-02-04",
        "value": 601562921.4566271
      },
      {
        "date": "2023-11-06",
        "value": 571484775.3837957
      }
    ],
    "eps_trend": [
      {
        "date": "2025-07-28",
        "value": 0.33910068889224604
      },
      {
        "date": "2025-04-29",
        "value": 0.3221456544476337
      },
      {
        "date": "2025-01-29",
        "value": 0.306038371725252
      },
      {
        "date": "2024-10-31",
        "value": 0.2907364531389894
      },
      {
        "date": "2024-08-02",
        "value": 0.27619963048203994
      },
      {
        "date": "2024-05-04",
        "value": 0.26238964895793787
      },
      {
        "date": "2024-02-04",
        "value": 0.249270166510041
      },
      {
        "date": "2023-11-06",
        "value": 0.23680665818453894
      }
    ],
    "earnings_dates": [
      "2025-07-28",
      "2025-04-29",
      "2025-01-29",
      "2024-10-31",
      "2024-08-02",
      "2024-05-04",
      "2024-02-04",
      "2023-11-06"
    ]
  },
  "analysis": {
    "avg_revenue_growth": 14.430871124793956,
    "avg_earnings_surprise": 2.9944486106601014,
    "consistency_score": 63,
    "trend_direction": "growing"
  }
}