{
  "ticker": "WY",
  "quarters": [
    {
      "date": "2025-07-28",
      "quarter": "Q3 2025",
      "revenue": 863313671.5782999,
      "earnings": 68014805.95077033,
      "eps_actual": 0.015984987179196154,
      "eps_estimate": 0.015274368476520398,
      "surprise_percent": 4.6523606116227425,
      "price_on_date": 9.978690180579369,
      "revenue_growth": 12.242912036083153,
      "earnings_growth": 13.61376384357253
    },
    {
      "date": "2025-04-29",
      "quarter": "Q2 2025",
      "revenue": 820147987.9993849,
      "earnings": 64614065.653231815,
      "eps_actual": 0.015185737820236347,
      "eps_estimate": 0.014702188490757466,
      "surprise_percent": 3.2889615704686745,
      "price_on_date": 9.002414974575727,
      "revenue_growth": 13.113236475328662,
      "earnings_growth": 12.889556981691145
    },
    {
      "date": "2025-01-29",
      "quarter": "Q1 2025",
      "revenue": 779140588.5994157,
      "earnings": 61383362.37057023,
      "eps_actual": 0.01442645092922453,
      "eps_estimate": 0.014167891456605484,
      "surprise_percent": 1.8249679100872618,
      "price_on_date": 8.419990552353685,
      "revenue_growth": 15.226185183567791,
      "earnings_growth": 13.223217666370966
    },
    {
      "date": "2024-10-31",
      "quarter": "Q4 2024",
      "revenue": 740183559.1694448,
      "earnings": 58314194.25204171,
      "eps_actual": 0.013705128382763302,
      "eps_estimate": 0.013625047341658605,
      "surprise_percent": 0.5877487181996723,
      "price_on_date": 8.783295158258287,
      "revenue_growth": 12.991329686706331,
      "earnings_growth": 17.78571101876207
    },
    {
      "date": "2024-08-02",
      "quarter": "Q3 2024",
      "revenue": 703174381.2109725,
      "earnings": 55398484.539439626,
      "eps_actual": 0.013019871963625137,
      "eps_estimate": 0.012746779633785265,
      "surprise_percent": 2.1424417592977125,
      "price_on_date": 8.304035462730425,
      "revenue_growth": 14.274855492996695,
      "earnings_growth": 11.488817524396778
    },
    {
      "date": "2024-05-04",
      "quarter": "Q2 2024",
      "revenue": 668015662.1504238,
      "earnings": 52628560.31246763,
      "eps_actual": 0.012368878365443876,
      "eps_estimate": 0.012517237134494512,
      "surprise_percent": -1.1852357469668275,
      "price_on_date": 7.0543071045073935,
      "revenue_growth": 15.334141420500908,
      "earnings_growth": 16.010323947969233
    },
    {
      "date": "2024-02-04",
      "quarter": "Q1 2024",
      "revenue": 634614879.0429026,
      "earnings": 49997132.29684425,
      "eps_actual": 0.011750434447171684,
      "eps_estimate": 0.011340250182469319,
      "surprise_percent": 3.617065391876992,
      "price_on_date": 6.53283988343728,
      "revenue_growth": 12.485676257606674,
      "earnings_growth": 14.489937572544886
    },
    {
      "date": "2023-11-06",
      "quarter": "Q4 2023",
      "revenue": 602884135.0907574,
      "earnings": 47497275.68200203,
      "eps_actual": 0.011162912724813097,
      "eps_estimate": 0.010679939070567584,
      "surprise_percent": 4.522251026473745,
      "price_on_date": 6.37680772544207,
      "revenue_growth": 13.901497729554752,
      "earnings_growth": 15.517305365813558
    }
  ],
  "metrics": {
    "revenue_trend": [
      {
        "date": "2025-07-28",
        "value": 863313671.5782999
      },
      {
        "date": "2025-04-29",
        "value": 820147987.9993849
      },
      {
        "date": "2025-01-29",
        "value": 779140588.5994157
      },
      {
        "date": "2024-10-31",
        "value": 740183559.1694448
      },
      {
        "date": "2024-08-02",
        "value": 703174381.2109725
      },
      {
        "date": "2024-05-04",
        "value": 668015662.1504238
      },
      {
        "date": "2024-02-04",
        "value": 634614879.0429026
      },
      {
        "date": "2023-11-06",
        "value": 602884135.0907574
      }
    ],
    "eps_trend": [
      {
        "date": "2025-07-28",
        "value": 0.015984987179196154
      },
      {
        "date": "2025-04-29",
        "value": 0.015185737820236347
      },
      {
        "date": "2025-01-29",
        "value": 0.01442645092922453
      },
      {
        "date": "2024-10-31",
        "value": 0.013705128382763302
      },
      {
        "date": "2024-08-02",
        "value": 0.013019871963625137
      },
      {
        "date": "2024-05-04",
        "value": 0.012368878365443876
      },
      {
        "date": "2024-02-04",
        "value": 0.011750434447171684
      },
      {
        "date": "2023-11-06",
        "value": 0.011162912724813097
      }
    ],
    "earnings_dates": [
      "2025-07-28",
      "2025-04-29",
      "2025-01-29",
      "2024-10-31",
      "2024-08-02",
      "2024-05-04",
      "2024-02-04",
      "2023-11-06"
    ]
  },
  "analysis": {
    "avg_revenue_growth": 13.393415845421485,
    "avg_earnings_surprise": 2.5885097025945876,
    "consistency_score": 67,
    "trend_direction": "growing"
  }
}