{
  "ticker": "WYNN",
  "quarters": [
    {
      "date": "2025-07-28",
      "quarter": "Q3 2025",
      "revenue": 1564032338.3027391,
      "earnings": 202603375.57331672,
      "eps_actual": 0.06011128019591166,
      "eps_estimate": 0.05785586449404423,
      "surprise_percent": 3.8983354956170517,
      "price_on_date": 27.342940393023458,
      "revenue_growth": 24.33016374551912,
      "earnings_growth": 25.838244381981795
    },
    {
      "date": "2025-04-29",
      "quarter": "Q2 2025",
      "revenue": 1485830721.387602,
      "earnings": 192473206.79465088,
      "eps_actual": 0.05710571618611607,
      "eps_estimate": 0.05698944115752065,
      "surprise_percent": 0.2040290731646741,
      "price_on_date": 22.639685002709523,
      "revenue_growth": 23.747371833111778,
      "earnings_growth": 30.723943371651416
    },
    {
      "date": "2025-01-29",
      "quarter": "Q1 2025",
      "revenue": 1411539185.318222,
      "earnings": 182849546.45491832,
      "eps_actual": 0.054250430376810266,
      "eps_estimate": 0.053515170712351894,
      "surprise_percent": 1.3739275324570088,
      "price_on_date": 25.622093543052923,
      "revenue_growth": 26.041534574666354,
      "earnings_growth": 17.916482733216036
    },
    {
      "date": "2024-10-31",
      "quarter": "Q4 2024",
      "revenue": 1340962226.0523107,
      "earnings": 173707069.1321724,
      "eps_actual": 0.05153790885796975,
      "eps_estimate": 0.049004392143662624,
      "surprise_percent": 5.169978860016873,
      "price_on_date": 24.095336727527542,
      "revenue_growth": 22.476233145340384,
      "earnings_growth": 31.003296463095495
    },
    {
      "date": "2024-08-02",
      "quarter": "Q3 2024",
      "revenue": 1273914114.7496953,
      "earnings": 165021715.67556378,
      "eps_actual": 0.04896101341507126,
      "eps_estimate": 0.049467494359273494,
      "surprise_percent": -1.0238661787147618,
      "price_on_date": 22.708699590418938,
      "revenue_growth": 20.030582528216257,
      "earnings_growth": 30.79396468115822
    },
    {
      "date": "2024-05-04",
      "quarter": "Q2 2024",
      "revenue": 1210218409.0122104,
      "earnings": 156770629.8917856,
      "eps_actual": 0.046512962744317696,
      "eps_estimate": 0.04573498767600481,
      "surprise_percent": 1.7010501321749638,
      "price_on_date": 22.252883620032506,
      "revenue_growth": 22.745895041246783,
      "earnings_growth": 31.93857704418864
    },
    {
      "date": "2024-02-04",
      "quarter": "Q1 2024",
      "revenue": 1149707488.5615997,
      "earnings": 148932098.3971963,
      "eps_actual": 0.044187314607101805,
      "eps_estimate": 0.043188429273462094,
      "surprise_percent": 2.3128540455012425,
      "price_on_date": 18.6134179885594,
      "revenue_growth": 27.227625015464074,
      "earnings_growth": 18.644175177329647
    },
    {
      "date": "2023-11-06",
      "quarter": "Q4 2023",
      "revenue": 1092222114.1335196,
      "earnings": 141485493.47733647,
      "eps_actual": 0.04197794887674671,
      "eps_estimate": 0.041399998426365575,
      "surprise_percent": 1.396015633694006,
      "price_on_date": 17.909276530196514,
      "revenue_growth": 24.582122227804888,
      "earnings_growth": 21.426799978087235
    }
  ],
  "metrics": {
    "revenue_trend": [
      {
        "date": "2025-07-28",
        "value": 1564032338.3027391
      },
      {
        "date": "2025-04-29",
        "value": 1485830721.387602
      },
      {
        "date": "2025-01-29",
        "value": 1411539185.318222
      },
      {
        "date": "2024-10-31",
        "value": 1340962226.0523107
      },
      {
        "date": "2024-08-02",
        "value": 1273914114.7496953
      },
      {
        "date": "2024-05-04",
        "value": 1210218409.0122104
      },
      {
        "date": "2024-02-04",
        "value": 1149707488.5615997
      },
      {
        "date": "2023-11-06",
        "value": 1092222114.1335196
      }
    ],
    "eps_trend": [
      {
        "date": "2025-07-28",
        "value": 0.06011128019591166
      },
      {
        "date": "2025-04-29",
        "value": 0.05710571618611607
      },
      {
        "date": "2025-01-29",
        "value": 0.054250430376810266
      },
      {
        "date": "2024-10-31",
        "value": 0.05153790885796975
      },
      {
        "date": "2024-08-02",
        "value": 0.04896101341507126
      },
      {
        "date": "2024-05-04",
        "value": 0.046512962744317696
      },
      {
        "date": "2024-02-04",
        "value": 0.044187314607101805
      },
      {
        "date": "2023-11-06",
        "value": 0.04197794887674671
      }
    ],
    "earnings_dates": [
      "2025-07-28",
      "2025-04-29",
      "2025-01-29",
      "2024-10-31",
      "2024-08-02",
      "2024-05-04",
      "2024-02-04",
      "2023-11-06"
    ]
  },
  "analysis": {
    "avg_revenue_growth": 24.14882582465941,
    "avg_earnings_surprise": 2.6615677403139015,
    "consistency_score": 64,
    "trend_direction": "growing"
  }
}