{
  "ticker": "XEL",
  "quarters": [
    {
      "date": "2025-07-28",
      "quarter": "Q3 2025",
      "revenue": 1818238723.7540107,
      "earnings": 58892301.32251099,
      "eps_actual": 0.03913232998625982,
      "eps_estimate": 0.03961277062021069,
      "surprise_percent": -1.2128427939492468,
      "price_on_date": 11.993964052066227,
      "revenue_growth": -17.127787847748486,
      "earnings_growth": -23.15364023406306
    },
    {
      "date": "2025-04-29",
      "quarter": "Q2 2025",
      "revenue": 1727326787.5663102,
      "earnings": 55947686.25638544,
      "eps_actual": 0.03717571348694683,
      "eps_estimate": 0.03788340488512175,
      "surprise_percent": -1.8680775931332858,
      "price_on_date": 11.430130009680353,
      "revenue_growth": -23.303956732338236,
      "earnings_growth": -17.27847891641332
    },
    {
      "date": "2025-01-29",
      "quarter": "Q1 2025",
      "revenue": 1640960448.1879945,
      "earnings": 53150301.943566166,
      "eps_actual": 0.035316927812599486,
      "eps_estimate": 0.03458724510149858,
      "surprise_percent": 2.109687282001212,
      "price_on_date": 11.032857381300092,
      "revenue_growth": -17.370348663399053,
      "earnings_growth": -25.033446097027
    },
    {
      "date": "2024-10-31",
      "quarter": "Q4 2024",
      "revenue": 1558912425.7785947,
      "earnings": 50492786.846387856,
      "eps_actual": 0.03355108142196951,
      "eps_estimate": 0.0322552827140833,
      "surprise_percent": 4.017322431715773,
      "price_on_date": 10.316774575470413,
      "revenue_growth": -21.656198178517926,
      "earnings_growth": -21.637111342691778
    },
    {
      "date": "2024-08-02",
      "quarter": "Q3 2024",
      "revenue": 1480966804.489665,
      "earnings": 47968147.504068464,
      "eps_actual": 0.03187352735087104,
      "eps_estimate": 0.0317518771535212,
      "surprise_percent": 0.38312757624267924,
      "price_on_date": 9.94723572136139,
      "revenue_growth": -19.952304912182882,
      "earnings_growth": -18.669054710346106
    },
    {
      "date": "2024-05-04",
      "quarter": "Q2 2024",
      "revenue": 1406918464.2651815,
      "earnings": 45569740.12886503,
      "eps_actual": 0.03027985098332748,
      "eps_estimate": 0.030623756511926867,
      "surprise_percent": -1.123002426124468,
      "price_on_date": 8.804363368912973,
      "revenue_growth": -18.384578672304087,
      "earnings_growth": -25.42541729725754
    },
    {
      "date": "2024-02-04",
      "quarter": "Q1 2024",
      "revenue": 1336572541.0519226,
      "earnings": 43291253.122421786,
      "eps_actual": 0.028765858434161108,
      "eps_estimate": 0.02745172592648478,
      "surprise_percent": 4.787066981491619,
      "price_on_date": 8.322800131737104,
      "revenue_growth": -17.60623631686862,
      "earnings_growth": -16.445055486405426
    },
    {
      "date": "2023-11-06",
      "quarter": "Q4 2023",
      "revenue": 1269743913.9993262,
      "earnings": 41126690.46630069,
      "eps_actual": 0.027327565512453047,
      "eps_estimate": 0.027743944793647342,
      "surprise_percent": -1.500793359744701,
      "price_on_date": 7.613993833105631,
      "revenue_growth": -21.060628520962624,
      "earnings_growth": -24.59688332790366
    }
  ],
  "metrics": {
    "revenue_trend": [
      {
        "date": "2025-07-28",
        "value": 1818238723.7540107
      },
      {
        "date": "2025-04-29",
        "value": 1727326787.5663102
      },
      {
        "date": "2025-01-29",
        "value": 1640960448.1879945
      },
      {
        "date": "2024-10-31",
        "value": 1558912425.7785947
      },
      {
        "date": "2024-08-02",
        "value": 1480966804.489665
      },
      {
        "date": "2024-05-04",
        "value": 1406918464.2651815
      },
      {
        "date": "2024-02-04",
        "value": 1336572541.0519226
      },
      {
        "date": "2023-11-06",
        "value": 1269743913.9993262
      }
    ],
    "eps_trend": [
      {
        "date": "2025-07-28",
        "value": 0.03913232998625982
      },
      {
        "date": "2025-04-29",
        "value": 0.03717571348694683
      },
      {
        "date": "2025-01-29",
        "value": 0.035316927812599486
      },
      {
        "date": "2024-10-31",
        "value": 0.03355108142196951
      },
      {
        "date": "2024-08-02",
        "value": 0.03187352735087104
      },
      {
        "date": "2024-05-04",
        "value": 0.03027985098332748
      },
      {
        "date": "2024-02-04",
        "value": 0.028765858434161108
      },
      {
        "date": "2023-11-06",
        "value": 0.027327565512453047
      }
    ],
    "earnings_dates": [
      "2025-07-28",
      "2025-04-29",
      "2025-01-29",
      "2024-10-31",
      "2024-08-02",
      "2024-05-04",
      "2024-02-04",
      "2023-11-06"
    ]
  },
  "analysis": {
    "avg_revenue_growth": -19.864572855500924,
    "avg_earnings_surprise": 0.7615223316586132,
    "consistency_score": 75,
    "trend_direction": "declining"
  }
}