{
  "ticker": "XOM",
  "quarters": [
    {
      "date": "2025-07-28",
      "quarter": "Q3 2025",
      "revenue": 11525598348.34181,
      "earnings": 412890896.43227404,
      "eps_actual": 0.14763928457194722,
      "eps_estimate": 0.14603416803519192,
      "surprise_percent": 1.099137659597916,
      "price_on_date": 58.75700121265421,
      "revenue_growth": 28.520547353976532,
      "earnings_growth": 24.07902260652254
    },
    {
      "date": "2025-04-29",
      "quarter": "Q2 2025",
      "revenue": 10949318430.924719,
      "earnings": 392246351.6106603,
      "eps_actual": 0.14025732034334984,
      "eps_estimate": 0.1395399908474437,
      "surprise_percent": 0.5140673233169266,
      "price_on_date": 62.960775839846264,
      "revenue_growth": 25.700882722057003,
      "earnings_growth": 26.03066399255717
    },
    {
      "date": "2025-01-29",
      "quarter": "Q1 2025",
      "revenue": 10401852509.378483,
      "earnings": 372634034.0301273,
      "eps_actual": 0.13324445432618234,
      "eps_estimate": 0.1282531687337206,
      "surprise_percent": 3.891744462723291,
      "price_on_date": 62.26208806911171,
      "revenue_growth": 20.643387226346675,
      "earnings_growth": 26.170568214161715
    },
    {
      "date": "2024-10-31",
      "quarter": "Q4 2024",
      "revenue": 9881759883.909557,
      "earnings": 354002332.3286209,
      "eps_actual": 0.12658223160987322,
      "eps_estimate": 0.12681063042324353,
      "surprise_percent": -0.1801101473969507,
      "price_on_date": 59.000796237830095,
      "revenue_growth": 27.04665647594192,
      "earnings_growth": 29.410813538559587
    },
    {
      "date": "2024-08-02",
      "quarter": "Q3 2024",
      "revenue": 9387671889.71408,
      "earnings": 336302215.7121899,
      "eps_actual": 0.12025312002937959,
      "eps_estimate": 0.12012789269519396,
      "surprise_percent": 0.10424501036022853,
      "price_on_date": 54.21563123094595,
      "revenue_growth": 27.052506954359785,
      "earnings_growth": 19.343171054578058
    },
    {
      "date": "2024-05-04",
      "quarter": "Q2 2024",
      "revenue": 8918288295.228374,
      "earnings": 319487104.9265803,
      "eps_actual": 0.11424046402791056,
      "eps_estimate": 0.1111370824412301,
      "surprise_percent": 2.792390729099391,
      "price_on_date": 52.07151303717437,
      "revenue_growth": 29.379438053208673,
      "earnings_growth": 20.747725339766927
    },
    {
      "date": "2024-02-04",
      "quarter": "Q1 2024",
      "revenue": 8472373880.466956,
      "earnings": 303512749.6802513,
      "eps_actual": 0.10852844082651504,
      "eps_estimate": 0.11002818650974647,
      "surprise_percent": -1.3630558957713774,
      "price_on_date": 50.04609713514445,
      "revenue_growth": 21.838606979447416,
      "earnings_growth": 17.83190308350343
    },
    {
      "date": "2023-11-06",
      "quarter": "Q4 2023",
      "revenue": 8048755186.443607,
      "earnings": 288337112.1962387,
      "eps_actual": 0.10310201878518928,
      "eps_estimate": 0.10497510700949461,
      "surprise_percent": -1.78431656577013,
      "price_on_date": 43.567680293787475,
      "revenue_growth": 27.052346954679436,
      "earnings_growth": 32.226040091083895
    }
  ],
  "metrics": {
    "revenue_trend": [
      {
        "date": "2025-07-28",
        "value": 11525598348.34181
      },
      {
        "date": "2025-04-29",
        "value": 10949318430.924719
      },
      {
        "date": "2025-01-29",
        "value": 10401852509.378483
      },
      {
        "date": "2024-10-31",
        "value": 9881759883.909557
      },
      {
        "date": "2024-08-02",
        "value": 9387671889.71408
      },
      {
        "date": "2024-05-04",
        "value": 8918288295.228374
      },
      {
        "date": "2024-02-04",
        "value": 8472373880.466956
      },
      {
        "date": "2023-11-06",
        "value": 8048755186.443607
      }
    ],
    "eps_trend": [
      {
        "date": "2025-07-28",
        "value": 0.14763928457194722
      },
      {
        "date": "2025-04-29",
        "value": 0.14025732034334984
      },
      {
        "date": "2025-01-29",
        "value": 0.13324445432618234
      },
      {
        "date": "2024-10-31",
        "value": 0.12658223160987322
      },
      {
        "date": "2024-08-02",
        "value": 0.12025312002937959
      },
      {
        "date": "2024-05-04",
        "value": 0.11424046402791056
      },
      {
        "date": "2024-02-04",
        "value": 0.10852844082651504
      },
      {
        "date": "2023-11-06",
        "value": 0.10310201878518928
      }
    ],
    "earnings_dates": [
      "2025-07-28",
      "2025-04-29",
      "2025-01-29",
      "2024-10-31",
      "2024-08-02",
      "2024-05-04",
      "2024-02-04",
      "2023-11-06"
    ]
  },
  "analysis": {
    "avg_revenue_growth": 25.47786844458053,
    "avg_earnings_surprise": 1.3312098245602957,
    "consistency_score": 84,
    "trend_direction": "growing"
  }
}