{
  "ticker": "XPEV",
  "quarters": [
    {
      "date": "2025-07-28",
      "quarter": "Q3 2025",
      "revenue": 2101628460.2011049,
      "earnings": 409873947.8792221,
      "eps_actual": 0.26825421346551465,
      "eps_estimate": 0.2638950864767986,
      "surprise_percent": 1.6518409065184678,
      "price_on_date": 16.84646554812289,
      "revenue_growth": 31.899703270269505,
      "earnings_growth": 35.04436803066896
    },
    {
      "date": "2025-04-29",
      "quarter": "Q2 2025",
      "revenue": 1996547037.1910496,
      "earnings": 389380250.48526096,
      "eps_actual": 0.2548415027922389,
      "eps_estimate": 0.24881892793616334,
      "surprise_percent": 2.4204649164072802,
      "price_on_date": 14.569600721347722,
      "revenue_growth": 33.93954746700679,
      "earnings_growth": 32.73387923987667
    },
    {
      "date": "2025-01-29",
      "quarter": "Q1 2025",
      "revenue": 1896719685.3314972,
      "earnings": 369911237.96099794,
      "eps_actual": 0.24209942765262696,
      "eps_estimate": 0.24316710753294518,
      "surprise_percent": -0.43907249263701087,
      "price_on_date": 12.638267086856748,
      "revenue_growth": 26.827640475010618,
      "earnings_growth": 32.80374660985447
    },
    {
      "date": "2024-10-31",
      "quarter": "Q4 2024",
      "revenue": 1801883701.064922,
      "earnings": 351415676.062948,
      "eps_actual": 0.2299944562699956,
      "eps_estimate": 0.2193208935695084,
      "surprise_percent": 4.866641990542715,
      "price_on_date": 13.07186728777447,
      "revenue_growth": 28.2177650992065,
      "earnings_growth": 33.46225568870962
    },
    {
      "date": "2024-08-02",
      "quarter": "Q3 2024",
      "revenue": 1711789516.0116758,
      "earnings": 333844892.25980055,
      "eps_actual": 0.21849473345649578,
      "eps_estimate": 0.21519970710025144,
      "surprise_percent": 1.5311481603036514,
      "price_on_date": 12.503647667289693,
      "revenue_growth": 25.563731653631024,
      "earnings_growth": 31.248764799655483
    },
    {
      "date": "2024-05-04",
      "quarter": "Q2 2024",
      "revenue": 1626200040.211092,
      "earnings": 317152647.64681053,
      "eps_actual": 0.207569996783671,
      "eps_estimate": 0.20938278510324942,
      "surprise_percent": -0.8657771548336789,
      "price_on_date": 12.717079369963782,
      "revenue_growth": 26.270869671814523,
      "earnings_growth": 30.967063500173346
    },
    {
      "date": "2024-02-04",
      "quarter": "Q1 2024",
      "revenue": 1544890038.2005374,
      "earnings": 301295015.26447,
      "eps_actual": 0.19719149694448743,
      "eps_estimate": 0.19244567004395335,
      "surprise_percent": 2.4660606286699807,
      "price_on_date": 10.38108521863336,
      "revenue_growth": 29.148715375733126,
      "earnings_growth": 22.198578273209705
    },
    {
      "date": "2023-11-06",
      "quarter": "Q4 2023",
      "revenue": 1467645536.2905102,
      "earnings": 286230264.50124645,
      "eps_actual": 0.18733192209726304,
      "eps_estimate": 0.1872044086094087,
      "surprise_percent": 0.06811457529314154,
      "price_on_date": 10.49803405433092,
      "revenue_growth": 28.564230411916462,
      "earnings_growth": 28.265597726704787
    }
  ],
  "metrics": {
    "revenue_trend": [
      {
        "date": "2025-07-28",
        "value": 2101628460.2011049
      },
      {
        "date": "2025-04-29",
        "value": 1996547037.1910496
      },
      {
        "date": "2025-01-29",
        "value": 1896719685.3314972
      },
      {
        "date": "2024-10-31",
        "value": 1801883701.064922
      },
      {
        "date": "2024-08-02",
        "value": 1711789516.0116758
      },
      {
        "date": "2024-05-04",
        "value": 1626200040.211092
      },
      {
        "date": "2024-02-04",
        "value": 1544890038.2005374
      },
      {
        "date": "2023-11-06",
        "value": 1467645536.2905102
      }
    ],
    "eps_trend": [
      {
        "date": "2025-07-28",
        "value": 0.26825421346551465
      },
      {
        "date": "2025-04-29",
        "value": 0.2548415027922389
      },
      {
        "date": "2025-01-29",
        "value": 0.24209942765262696
      },
      {
        "date": "2024-10-31",
        "value": 0.2299944562699956
      },
      {
        "date": "2024-08-02",
        "value": 0.21849473345649578
      },
      {
        "date": "2024-05-04",
        "value": 0.207569996783671
      },
      {
        "date": "2024-02-04",
        "value": 0.19719149694448743
      },
      {
        "date": "2023-11-06",
        "value": 0.18733192209726304
      }
    ],
    "earnings_dates": [
      "2025-07-28",
      "2025-04-29",
      "2025-01-29",
      "2024-10-31",
      "2024-08-02",
      "2024-05-04",
      "2024-02-04",
      "2023-11-06"
    ]
  },
  "analysis": {
    "avg_revenue_growth": 30.221164077873354,
    "avg_earnings_surprise": 2.1249688302078633,
    "consistency_score": 85,
    "trend_direction": "growing"
  }
}