{
  "ticker": "XYL",
  "quarters": [
    {
      "date": "2025-07-28",
      "quarter": "Q3 2025",
      "revenue": 146122833.58717695,
      "earnings": 3849749.5434317333,
      "eps_actual": 0.039900701959097604,
      "eps_estimate": 0.037985130718086915,
      "surprise_percent": 5.0429502407861255,
      "price_on_date": 1044.8099204938596,
      "revenue_growth": 29.720884995498157,
      "earnings_growth": 34.67791264582962
    },
    {
      "date": "2025-04-29",
      "quarter": "Q2 2025",
      "revenue": 138816691.9078181,
      "earnings": 3657262.066260147,
      "eps_actual": 0.037905666861142724,
      "eps_estimate": 0.03707540706188225,
      "surprise_percent": 2.239381479681929,
      "price_on_date": 956.1080167610559,
      "revenue_growth": 37.65819832118609,
      "earnings_growth": 40.421012121613145
    },
    {
      "date": "2025-01-29",
      "quarter": "Q1 2025",
      "revenue": 131875857.3124272,
      "earnings": 3474398.962947139,
      "eps_actual": 0.03601038351808559,
      "eps_estimate": 0.03556345889998532,
      "surprise_percent": 1.2566961480241485,
      "price_on_date": 812.2705078691305,
      "revenue_growth": 37.12873468697611,
      "earnings_growth": 23.333858717224924
    },
    {
      "date": "2024-10-31",
      "quarter": "Q4 2024",
      "revenue": 125282064.44680582,
      "earnings": 3300679.014799782,
      "eps_actual": 0.034209864342181304,
      "eps_estimate": 0.03443091533725011,
      "surprise_percent": -0.642013123681481,
      "price_on_date": 804.4921837721741,
      "revenue_growth": 32.61863336119456,
      "earnings_growth": 37.222386251575294
    },
    {
      "date": "2024-08-02",
      "quarter": "Q3 2024",
      "revenue": 119017961.22446552,
      "earnings": 3135645.0640597926,
      "eps_actual": 0.032499371125072236,
      "eps_estimate": 0.03240143810224571,
      "surprise_percent": 0.30224900054587145,
      "price_on_date": 801.1118172353947,
      "revenue_growth": 33.42272733027133,
      "earnings_growth": 39.15134617908755
    },
    {
      "date": "2024-05-04",
      "quarter": "Q2 2024",
      "revenue": 113067063.16324224,
      "earnings": 2978862.810856803,
      "eps_actual": 0.030874402568818623,
      "eps_estimate": 0.02996075563923781,
      "surprise_percent": 3.04947892697427,
      "price_on_date": 791.2840307251049,
      "revenue_growth": 34.391359778832445,
      "earnings_growth": 28.08360614274966
    },
    {
      "date": "2024-02-04",
      "quarter": "Q1 2024",
      "revenue": 107413710.00508012,
      "earnings": 2829919.6703139623,
      "eps_actual": 0.02933068244037769,
      "eps_estimate": 0.028915627860687593,
      "surprise_percent": 1.435398815096752,
      "price_on_date": 754.0928237315198,
      "revenue_growth": 31.147387595003373,
      "earnings_growth": 32.139162712614564
    },
    {
      "date": "2023-11-06",
      "quarter": "Q4 2023",
      "revenue": 102043024.50482611,
      "earnings": 2688423.6867982643,
      "eps_actual": 0.027864148318358806,
      "eps_estimate": 0.02766500868682831,
      "surprise_percent": 0.7198249376487947,
      "price_on_date": 655.8694844066325,
      "revenue_growth": 38.07924467901723,
      "earnings_growth": 37.93327399706723
    }
  ],
  "metrics": {
    "revenue_trend": [
      {
        "date": "2025-07-28",
        "value": 146122833.58717695
      },
      {
        "date": "2025-04-29",
        "value": 138816691.9078181
      },
      {
        "date": "2025-01-29",
        "value": 131875857.3124272
      },
      {
        "date": "2024-10-31",
        "value": 125282064.44680582
      },
      {
        "date": "2024-08-02",
        "value": 119017961.22446552
      },
      {
        "date": "2024-05-04",
        "value": 113067063.16324224
      },
      {
        "date": "2024-02-04",
        "value": 107413710.00508012
      },
      {
        "date": "2023-11-06",
        "value": 102043024.50482611
      }
    ],
    "eps_trend": [
      {
        "date": "2025-07-28",
        "value": 0.039900701959097604
      },
      {
        "date": "2025-04-29",
        "value": 0.037905666861142724
      },
      {
        "date": "2025-01-29",
        "value": 0.03601038351808559
      },
      {
        "date": "2024-10-31",
        "value": 0.034209864342181304
      },
      {
        "date": "2024-08-02",
        "value": 0.032499371125072236
      },
      {
        "date": "2024-05-04",
        "value": 0.030874402568818623
      },
      {
        "date": "2024-02-04",
        "value": 0.02933068244037769
      },
      {
        "date": "2023-11-06",
        "value": 0.027864148318358806
      }
    ],
    "earnings_dates": [
      "2025-07-28",
      "2025-04-29",
      "2025-01-29",
      "2024-10-31",
      "2024-08-02",
      "2024-05-04",
      "2024-02-04",
      "2023-11-06"
    ]
  },
  "analysis": {
    "avg_revenue_growth": 34.28161284121373,
    "avg_earnings_surprise": 1.9742536862026805,
    "consistency_score": 87,
    "trend_direction": "growing"
  }
}