{
  "ticker": "XYZ",
  "quarters": [
    {
      "date": "2025-07-28",
      "quarter": "Q3 2025",
      "revenue": 1659707083.2101877,
      "earnings": 418610996.11592424,
      "eps_actual": 0.10315803739981497,
      "eps_estimate": 0.09882576215906334,
      "surprise_percent": 4.3837509027035715,
      "price_on_date": 1.2340548309829564,
      "revenue_growth": 5.186511985249712,
      "earnings_growth": 5.605765762286573
    },
    {
      "date": "2025-04-29",
      "quarter": "Q2 2025",
      "revenue": 1576721729.0496783,
      "earnings": 397680446.31012803,
      "eps_actual": 0.09800013552982421,
      "eps_estimate": 0.09535340861426848,
      "surprise_percent": 2.775702467294577,
      "price_on_date": 1.1981667895804953,
      "revenue_growth": 5.212752790200201,
      "earnings_growth": 4.835060043989429
    },
    {
      "date": "2025-01-29",
      "quarter": "Q1 2025",
      "revenue": 1497885642.5971944,
      "earnings": 377796423.99462163,
      "eps_actual": 0.09310012875333301,
      "eps_estimate": 0.08885192787045593,
      "surprise_percent": 4.781214076830008,
      "price_on_date": 1.0455493618828706,
      "revenue_growth": 3.814638113457675,
      "earnings_growth": 4.477068073428039
    },
    {
      "date": "2024-10-31",
      "quarter": "Q4 2024",
      "revenue": 1422991360.4673345,
      "earnings": 358906602.7948905,
      "eps_actual": 0.08844512231566636,
      "eps_estimate": 0.0867855082415783,
      "surprise_percent": 1.9123170535204057,
      "price_on_date": 1.09884575620775,
      "revenue_growth": 3.745161134094421,
      "earnings_growth": 3.932374421991684
    },
    {
      "date": "2024-08-02",
      "quarter": "Q3 2024",
      "revenue": 1351841792.4439678,
      "earnings": 340961272.655146,
      "eps_actual": 0.08402286619988304,
      "eps_estimate": 0.08226817530145188,
      "surprise_percent": 2.132891475958382,
      "price_on_date": 1.02211641716562,
      "revenue_growth": 4.37730986426092,
      "earnings_growth": 4.339254922890282
    },
    {
      "date": "2024-05-04",
      "quarter": "Q2 2024",
      "revenue": 1284249702.8217692,
      "earnings": 323913209.02238864,
      "eps_actual": 0.07982172288988887,
      "eps_estimate": 0.08114753980720038,
      "surprise_percent": -1.6338350126960592,
      "price_on_date": 0.9191844678663509,
      "revenue_growth": 5.2066550247593995,
      "earnings_growth": 4.742750671922368
    },
    {
      "date": "2024-02-04",
      "quarter": "Q1 2024",
      "revenue": 1220037217.6806808,
      "earnings": 307717548.5712692,
      "eps_actual": 0.07583063674539442,
      "eps_estimate": 0.07326735375409638,
      "surprise_percent": 3.4985336032485415,
      "price_on_date": 1.0131271089211216,
      "revenue_growth": 3.6404174940063765,
      "earnings_growth": 5.585826236973726
    },
    {
      "date": "2023-11-06",
      "quarter": "Q4 2023",
      "revenue": 1159035356.7966466,
      "earnings": 292331671.14270574,
      "eps_actual": 0.07203910490812471,
      "eps_estimate": 0.07271408992036914,
      "surprise_percent": -0.9282726538744034,
      "price_on_date": 0.8884188942232638,
      "revenue_growth": 3.5712499964114506,
      "earnings_growth": 3.969506430003267
    }
  ],
  "metrics": {
    "revenue_trend": [
      {
        "date": "2025-07-28",
        "value": 1659707083.2101877
      },
      {
        "date": "2025-04-29",
        "value": 1576721729.0496783
      },
      {
        "date": "2025-01-29",
        "value": 1497885642.5971944
      },
      {
        "date": "2024-10-31",
        "value": 1422991360.4673345
      },
      {
        "date": "2024-08-02",
        "value": 1351841792.4439678
      },
      {
        "date": "2024-05-04",
        "value": 1284249702.8217692
      },
      {
        "date": "2024-02-04",
        "value": 1220037217.6806808
      },
      {
        "date": "2023-11-06",
        "value": 1159035356.7966466
      }
    ],
    "eps_trend": [
      {
        "date": "2025-07-28",
        "value": 0.10315803739981497
      },
      {
        "date": "2025-04-29",
        "value": 0.09800013552982421
      },
      {
        "date": "2025-01-29",
        "value": 0.09310012875333301
      },
      {
        "date": "2024-10-31",
        "value": 0.08844512231566636
      },
      {
        "date": "2024-08-02",
        "value": 0.08402286619988304
      },
      {
        "date": "2024-05-04",
        "value": 0.07982172288988887
      },
      {
        "date": "2024-02-04",
        "value": 0.07583063674539442
      },
      {
        "date": "2023-11-06",
        "value": 0.07203910490812471
      }
    ],
    "earnings_dates": [
      "2025-07-28",
      "2025-04-29",
      "2025-01-29",
      "2024-10-31",
      "2024-08-02",
      "2024-05-04",
      "2024-02-04",
      "2023-11-06"
    ]
  },
  "analysis": {
    "avg_revenue_growth": 4.489766005750503,
    "avg_earnings_surprise": 3.463246125087141,
    "consistency_score": 79,
    "trend_direction": "stable"
  }
}