{
  "ticker": "YUM",
  "quarters": [
    {
      "date": "2025-07-28",
      "quarter": "Q3 2025",
      "revenue": 831313187.343585,
      "earnings": 221170450.4082895,
      "eps_actual": 0.05089213421330599,
      "eps_estimate": 0.05168188642400596,
      "surprise_percent": -1.5281025236206034,
      "price_on_date": 22.038705893176985,
      "revenue_growth": -4.74018349662165,
      "earnings_growth": -4.929980621893099
    },
    {
      "date": "2025-04-29",
      "quarter": "Q2 2025",
      "revenue": 789747527.9764057,
      "earnings": 210111927.88787502,
      "eps_actual": 0.048347527502640694,
      "eps_estimate": 0.04768395800055198,
      "surprise_percent": 1.391599040669049,
      "price_on_date": 22.55580323859463,
      "revenue_growth": -5.198549917884818,
      "earnings_growth": -5.315121671501516
    },
    {
      "date": "2025-01-29",
      "quarter": "Q1 2025",
      "revenue": 750260151.5775855,
      "earnings": 199606331.49348128,
      "eps_actual": 0.04593015112750866,
      "eps_estimate": 0.04591259840025437,
      "surprise_percent": 0.03823074246695507,
      "price_on_date": 21.751489622531572,
      "revenue_growth": -6.0346511268408065,
      "earnings_growth": -6.736552694757072
    },
    {
      "date": "2024-10-31",
      "quarter": "Q4 2024",
      "revenue": 712747143.9987061,
      "earnings": 189626014.91880718,
      "eps_actual": 0.04363364357113322,
      "eps_estimate": 0.043233251182765116,
      "surprise_percent": 0.9261213936362873,
      "price_on_date": 19.970276107320824,
      "revenue_growth": -5.5953809637598475,
      "earnings_growth": -5.242027277363245
    },
    {
      "date": "2024-08-02",
      "quarter": "Q3 2024",
      "revenue": 677109786.7987708,
      "earnings": 180144714.17286682,
      "eps_actual": 0.04145196139257656,
      "eps_estimate": 0.040877654906368986,
      "surprise_percent": 1.404939905488782,
      "price_on_date": 17.183149611680157,
      "revenue_growth": -5.875141695525551,
      "earnings_growth": -6.704079107448391
    },
    {
      "date": "2024-05-04",
      "quarter": "Q2 2024",
      "revenue": 643254297.4588321,
      "earnings": 171137478.46422344,
      "eps_actual": 0.039379363322947725,
      "eps_estimate": 0.037716778544804916,
      "surprise_percent": 4.408077365800935,
      "price_on_date": 18.898044183715488,
      "revenue_growth": -6.2870204811993595,
      "earnings_growth": -6.992798774201994
    },
    {
      "date": "2024-02-04",
      "quarter": "Q1 2024",
      "revenue": 611091582.5858905,
      "earnings": 162580604.5410123,
      "eps_actual": 0.03741039515680034,
      "eps_estimate": 0.0380646185281424,
      "surprise_percent": -1.718717792635616,
      "price_on_date": 15.904489996878242,
      "revenue_growth": -5.297146618826522,
      "earnings_growth": -5.087023095558726
    },
    {
      "date": "2023-11-06",
      "quarter": "Q4 2023",
      "revenue": 580537003.456596,
      "earnings": 154451574.31396165,
      "eps_actual": 0.03553987539896032,
      "eps_estimate": 0.03419266913847575,
      "surprise_percent": 3.9400441510680824,
      "price_on_date": 14.42553241605336,
      "revenue_growth": -5.179481648296392,
      "earnings_growth": -7.012620523654768
    }
  ],
  "metrics": {
    "revenue_trend": [
      {
        "date": "2025-07-28",
        "value": 831313187.343585
      },
      {
        "date": "2025-04-29",
        "value": 789747527.9764057
      },
      {
        "date": "2025-01-29",
        "value": 750260151.5775855
      },
      {
        "date": "2024-10-31",
        "value": 712747143.9987061
      },
      {
        "date": "2024-08-02",
        "value": 677109786.7987708
      },
      {
        "date": "2024-05-04",
        "value": 643254297.4588321
      },
      {
        "date": "2024-02-04",
        "value": 611091582.5858905
      },
      {
        "date": "2023-11-06",
        "value": 580537003.456596
      }
    ],
    "eps_trend": [
      {
        "date": "2025-07-28",
        "value": 0.05089213421330599
      },
      {
        "date": "2025-04-29",
        "value": 0.048347527502640694
      },
      {
        "date": "2025-01-29",
        "value": 0.04593015112750866
      },
      {
        "date": "2024-10-31",
        "value": 0.04363364357113322
      },
      {
        "date": "2024-08-02",
        "value": 0.04145196139257656
      },
      {
        "date": "2024-05-04",
        "value": 0.039379363322947725
      },
      {
        "date": "2024-02-04",
        "value": 0.03741039515680034
      },
      {
        "date": "2023-11-06",
        "value": 0.03553987539896032
      }
    ],
    "earnings_dates": [
      "2025-07-28",
      "2025-04-29",
      "2025-01-29",
      "2024-10-31",
      "2024-08-02",
      "2024-05-04",
      "2024-02-04",
      "2023-11-06"
    ]
  },
  "analysis": {
    "avg_revenue_growth": -5.392191376276781,
    "avg_earnings_surprise": 0.206962163287922,
    "consistency_score": 95,
    "trend_direction": "declining"
  }
}