{
  "ticker": "ZBH",
  "quarters": [
    {
      "date": "2025-07-28",
      "quarter": "Q3 2025",
      "revenue": 1428531498.324901,
      "earnings": 66800578.86615752,
      "eps_actual": 0.015414981865607587,
      "eps_estimate": 0.014741384210343543,
      "surprise_percent": 4.5694328677181,
      "price_on_date": 10.300345638966421,
      "revenue_growth": 21.730415202218243,
      "earnings_growth": 28.546488376563033
    },
    {
      "date": "2025-04-29",
      "quarter": "Q2 2025",
      "revenue": 1357104923.408656,
      "earnings": 63460549.92284963,
      "eps_actual": 0.014644232772327206,
      "eps_estimate": 0.014729313159058831,
      "surprise_percent": -0.5776263007844274,
      "price_on_date": 9.736269891627835,
      "revenue_growth": 20.404980053819685,
      "earnings_growth": 17.827804556233854
    },
    {
      "date": "2025-01-29",
      "quarter": "Q1 2025",
      "revenue": 1289249677.2382233,
      "earnings": 60287522.42670716,
      "eps_actual": 0.013912021133710848,
      "eps_estimate": 0.013349206360956604,
      "surprise_percent": 4.2160916352327105,
      "price_on_date": 8.855163236181843,
      "revenue_growth": 19.6113237421352,
      "earnings_growth": 27.483300629962837
    },
    {
      "date": "2024-10-31",
      "quarter": "Q4 2024",
      "revenue": 1224787193.376312,
      "earnings": 57273146.3053718,
      "eps_actual": 0.013216420077025304,
      "eps_estimate": 0.013177577576733851,
      "surprise_percent": 0.2947620688648639,
      "price_on_date": 9.003733147985102,
      "revenue_growth": 25.366508400802758,
      "earnings_growth": 25.30833940460223
    },
    {
      "date": "2024-08-02",
      "quarter": "Q3 2024",
      "revenue": 1163547833.7074964,
      "earnings": 54409488.99010321,
      "eps_actual": 0.012555599073174039,
      "eps_estimate": 0.012771436552932499,
      "surprise_percent": -1.6900015817633378,
      "price_on_date": 8.14273792135033,
      "revenue_growth": 23.421427437588363,
      "earnings_growth": 20.56975732703651
    },
    {
      "date": "2024-05-04",
      "quarter": "Q2 2024",
      "revenue": 1105370442.0221214,
      "earnings": 51689014.54059804,
      "eps_actual": 0.011927819119515336,
      "eps_estimate": 0.011881855924547054,
      "surprise_percent": 0.38683514814655984,
      "price_on_date": 7.349841333853688,
      "revenue_growth": 23.344199472129727,
      "earnings_growth": 20.98969499936964
    },
    {
      "date": "2024-02-04",
      "quarter": "Q1 2024",
      "revenue": 1050101919.9210153,
      "earnings": 49104563.81356814,
      "eps_actual": 0.011331428163539568,
      "eps_estimate": 0.010992258601655789,
      "surprise_percent": 3.0855311376379873,
      "price_on_date": 7.815866382496214,
      "revenue_growth": 28.05202755953149,
      "earnings_growth": 21.662789024392012
    },
    {
      "date": "2023-11-06",
      "quarter": "Q4 2023",
      "revenue": 997596823.9249644,
      "earnings": 46649335.62288973,
      "eps_actual": 0.010764856755362588,
      "eps_estimate": 0.01066513038071293,
      "surprise_percent": 0.9350694374070255,
      "price_on_date": 7.342284711477588,
      "revenue_growth": 22.172905024160016,
      "earnings_growth": 28.772765606766495
    }
  ],
  "metrics": {
    "revenue_trend": [
      {
        "date": "2025-07-28",
        "value": 1428531498.324901
      },
      {
        "date": "2025-04-29",
        "value": 1357104923.408656
      },
      {
        "date": "2025-01-29",
        "value": 1289249677.2382233
      },
      {
        "date": "2024-10-31",
        "value": 1224787193.376312
      },
      {
        "date": "2024-08-02",
        "value": 1163547833.7074964
      },
      {
        "date": "2024-05-04",
        "value": 1105370442.0221214
      },
      {
        "date": "2024-02-04",
        "value": 1050101919.9210153
      },
      {
        "date": "2023-11-06",
        "value": 997596823.9249644
      }
    ],
    "eps_trend": [
      {
        "date": "2025-07-28",
        "value": 0.015414981865607587
      },
      {
        "date": "2025-04-29",
        "value": 0.014644232772327206
      },
      {
        "date": "2025-01-29",
        "value": 0.013912021133710848
      },
      {
        "date": "2024-10-31",
        "value": 0.013216420077025304
      },
      {
        "date": "2024-08-02",
        "value": 0.012555599073174039
      },
      {
        "date": "2024-05-04",
        "value": 0.011927819119515336
      },
      {
        "date": "2024-02-04",
        "value": 0.011331428163539568
      },
      {
        "date": "2023-11-06",
        "value": 0.010764856755362588
      }
    ],
    "earnings_dates": [
      "2025-07-28",
      "2025-04-29",
      "2025-01-29",
      "2024-10-31",
      "2024-08-02",
      "2024-05-04",
      "2024-02-04",
      "2023-11-06"
    ]
  },
  "analysis": {
    "avg_revenue_growth": 21.77830684974397,
    "avg_earnings_surprise": 2.125665067757812,
    "consistency_score": 89,
    "trend_direction": "growing"
  }
}