{
  "ticker": "ZBRA",
  "quarters": [
    {
      "date": "2025-07-28",
      "quarter": "Q3 2025",
      "revenue": 2379567281.19386,
      "earnings": 209101306.61854357,
      "eps_actual": 0.08089270128677628,
      "eps_estimate": 0.07824270115628237,
      "surprise_percent": 3.3868975525279774,
      "price_on_date": 30.26735039815834,
      "revenue_growth": 42.46595033580224,
      "earnings_growth": 49.24551414358438
    },
    {
      "date": "2025-04-29",
      "quarter": "Q2 2025",
      "revenue": 2260588917.1341667,
      "earnings": 198646241.28761634,
      "eps_actual": 0.07684806622243745,
      "eps_estimate": 0.07487365658912223,
      "surprise_percent": 2.6369883925263795,
      "price_on_date": 30.3310791661566,
      "revenue_growth": 35.510277650784474,
      "earnings_growth": 41.460752442187406
    },
    {
      "date": "2025-01-29",
      "quarter": "Q1 2025",
      "revenue": 2147559471.2774587,
      "earnings": 188713929.22323558,
      "eps_actual": 0.0730056629113156,
      "eps_estimate": 0.06943528630915681,
      "surprise_percent": 5.142020422097619,
      "price_on_date": 26.330934900614324,
      "revenue_growth": 37.62859862168014,
      "earnings_growth": 48.72543105194766
    },
    {
      "date": "2024-10-31",
      "quarter": "Q4 2024",
      "revenue": 2040181497.7135854,
      "earnings": 179278232.76207376,
      "eps_actual": 0.0693553797657498,
      "eps_estimate": 0.07062318014313815,
      "surprise_percent": -1.7951618361262986,
      "price_on_date": 27.005089437037444,
      "revenue_growth": 43.015778435819065,
      "earnings_growth": 34.82859408736095
    },
    {
      "date": "2024-08-02",
      "quarter": "Q3 2024",
      "revenue": 1938172422.8279061,
      "earnings": 170314321.12397006,
      "eps_actual": 0.06588761077746232,
      "eps_estimate": 0.06563153634684755,
      "surprise_percent": 0.3901697946875214,
      "price_on_date": 26.271663231505116,
      "revenue_growth": 47.636193708624944,
      "earnings_growth": 46.18499353189418
    },
    {
      "date": "2024-05-04",
      "quarter": "Q2 2024",
      "revenue": 1841263801.6865106,
      "earnings": 161798605.06777155,
      "eps_actual": 0.06259323023858919,
      "eps_estimate": 0.059734167271910055,
      "surprise_percent": 4.786310912588225,
      "price_on_date": 20.871682481348614,
      "revenue_growth": 40.95534695204194,
      "earnings_growth": 46.07061779975632
    },
    {
      "date": "2024-02-04",
      "quarter": "Q1 2024",
      "revenue": 1749200611.602185,
      "earnings": 153708674.81438297,
      "eps_actual": 0.059463568726659734,
      "eps_estimate": 0.06061911364745965,
      "surprise_percent": -1.9062385628403888,
      "price_on_date": 19.48631964054951,
      "revenue_growth": 41.836342684978185,
      "earnings_growth": 43.4778386939814
    },
    {
      "date": "2023-11-06",
      "quarter": "Q4 2023",
      "revenue": 1661740581.0220757,
      "earnings": 146023241.0736638,
      "eps_actual": 0.056490390290326736,
      "eps_estimate": 0.05674139768455645,
      "surprise_percent": -0.44237083412210976,
      "price_on_date": 19.58286475100499,
      "revenue_growth": 45.83685351356902,
      "earnings_growth": 32.84846235026667
    }
  ],
  "metrics": {
    "revenue_trend": [
      {
        "date": "2025-07-28",
        "value": 2379567281.19386
      },
      {
        "date": "2025-04-29",
        "value": 2260588917.1341667
      },
      {
        "date": "2025-01-29",
        "value": 2147559471.2774587
      },
      {
        "date": "2024-10-31",
        "value": 2040181497.7135854
      },
      {
        "date": "2024-08-02",
        "value": 1938172422.8279061
      },
      {
        "date": "2024-05-04",
        "value": 1841263801.6865106
      },
      {
        "date": "2024-02-04",
        "value": 1749200611.602185
      },
      {
        "date": "2023-11-06",
        "value": 1661740581.0220757
      }
    ],
    "eps_trend": [
      {
        "date": "2025-07-28",
        "value": 0.08089270128677628
      },
      {
        "date": "2025-04-29",
        "value": 0.07684806622243745
      },
      {
        "date": "2025-01-29",
        "value": 0.0730056629113156
      },
      {
        "date": "2024-10-31",
        "value": 0.0693553797657498
      },
      {
        "date": "2024-08-02",
        "value": 0.06588761077746232
      },
      {
        "date": "2024-05-04",
        "value": 0.06259323023858919
      },
      {
        "date": "2024-02-04",
        "value": 0.059463568726659734
      },
      {
        "date": "2023-11-06",
        "value": 0.056490390290326736
      }
    ],
    "earnings_dates": [
      "2025-07-28",
      "2025-04-29",
      "2025-01-29",
      "2024-10-31",
      "2024-08-02",
      "2024-05-04",
      "2024-02-04",
      "2023-11-06"
    ]
  },
  "analysis": {
    "avg_revenue_growth": 39.65515126102148,
    "avg_earnings_surprise": 2.3426861327564192,
    "consistency_score": 78,
    "trend_direction": "growing"
  }
}