{
  "ticker": "ZM",
  "quarters": [
    {
      "date": "2025-07-28",
      "quarter": "Q3 2025",
      "revenue": 1614867557.7840884,
      "earnings": 24119843.348550443,
      "eps_actual": 0.0053390470422916125,
      "eps_estimate": 0.005439141661224612,
      "surprise_percent": -1.8402649750156275,
      "price_on_date": 9.612753731751946,
      "revenue_growth": 32.24991491351717,
      "earnings_growth": 22.621092086048172
    },
    {
      "date": "2025-04-29",
      "quarter": "Q2 2025",
      "revenue": 1534124179.8948839,
      "earnings": 22913851.18112292,
      "eps_actual": 0.005072094690177032,
      "eps_estimate": 0.0051377909250233745,
      "surprise_percent": -1.2786864200014842,
      "price_on_date": 9.531719277620343,
      "revenue_growth": 28.478094335812983,
      "earnings_growth": 22.992613921137487
    },
    {
      "date": "2025-01-29",
      "quarter": "Q1 2025",
      "revenue": 1457417970.9001398,
      "earnings": 21768158.622066777,
      "eps_actual": 0.004818489955668181,
      "eps_estimate": 0.004835067155010988,
      "surprise_percent": -0.3428535491099862,
      "price_on_date": 9.42229750243594,
      "revenue_growth": 31.06901334731526,
      "earnings_growth": 31.118025957622525
    },
    {
      "date": "2024-10-31",
      "quarter": "Q4 2024",
      "revenue": 1384547072.3551326,
      "earnings": 20679750.690963432,
      "eps_actual": 0.0045775654578847705,
      "eps_estimate": 0.004599248679298185,
      "surprise_percent": -0.47145138098344797,
      "price_on_date": 8.933805104122367,
      "revenue_growth": 30.9371886088939,
      "earnings_growth": 30.756553243598724
    },
    {
      "date": "2024-08-02",
      "quarter": "Q3 2024",
      "revenue": 1315319718.737376,
      "earnings": 19645763.15641526,
      "eps_actual": 0.004348687184990532,
      "eps_estimate": 0.004408832061095093,
      "surprise_percent": -1.3641906806861217,
      "price_on_date": 7.369789599960109,
      "revenue_growth": 35.71509172413212,
      "earnings_growth": 23.38987492144193
    },
    {
      "date": "2024-05-04",
      "quarter": "Q2 2024",
      "revenue": 1249553732.8005068,
      "earnings": 18663474.998594493,
      "eps_actual": 0.004131252825741004,
      "eps_estimate": 0.00403533096651949,
      "surprise_percent": 2.3770506066878645,
      "price_on_date": 7.591172289762767,
      "revenue_growth": 24.92114947938078,
      "earnings_growth": 28.77595919722842
    },
    {
      "date": "2024-02-04",
      "quarter": "Q1 2024",
      "revenue": 1187076046.1604817,
      "earnings": 17730301.248664774,
      "eps_actual": 0.003924690184453955,
      "eps_estimate": 0.0038366674858015576,
      "surprise_percent": 2.2942488234423584,
      "price_on_date": 7.092085014751589,
      "revenue_growth": 35.69970299320404,
      "earnings_growth": 31.07037487839236
    },
    {
      "date": "2023-11-06",
      "quarter": "Q4 2023",
      "revenue": 1127722243.8524575,
      "earnings": 16843786.18623153,
      "eps_actual": 0.0037284556752312566,
      "eps_estimate": 0.003796872582800085,
      "surprise_percent": -1.8019279308649514,
      "price_on_date": 6.9159373985983255,
      "revenue_growth": 26.26371275828207,
      "earnings_growth": 23.07484159800716
    }
  ],
  "metrics": {
    "revenue_trend": [
      {
        "date": "2025-07-28",
        "value": 1614867557.7840884
      },
      {
        "date": "2025-04-29",
        "value": 1534124179.8948839
      },
      {
        "date": "2025-01-29",
        "value": 1457417970.9001398
      },
      {
        "date": "2024-10-31",
        "value": 1384547072.3551326
      },
      {
        "date": "2024-08-02",
        "value": 1315319718.737376
      },
      {
        "date": "2024-05-04",
        "value": 1249553732.8005068
      },
      {
        "date": "2024-02-04",
        "value": 1187076046.1604817
      },
      {
        "date": "2023-11-06",
        "value": 1127722243.8524575
      }
    ],
    "eps_trend": [
      {
        "date": "2025-07-28",
        "value": 0.0053390470422916125
      },
      {
        "date": "2025-04-29",
        "value": 0.005072094690177032
      },
      {
        "date": "2025-01-29",
        "value": 0.004818489955668181
      },
      {
        "date": "2024-10-31",
        "value": 0.0045775654578847705
      },
      {
        "date": "2024-08-02",
        "value": 0.004348687184990532
      },
      {
        "date": "2024-05-04",
        "value": 0.004131252825741004
      },
      {
        "date": "2024-02-04",
        "value": 0.003924690184453955
      },
      {
        "date": "2023-11-06",
        "value": 0.0037284556752312566
      }
    ],
    "earnings_dates": [
      "2025-07-28",
      "2025-04-29",
      "2025-01-29",
      "2024-10-31",
      "2024-08-02",
      "2024-05-04",
      "2024-02-04",
      "2023-11-06"
    ]
  },
  "analysis": {
    "avg_revenue_growth": 30.68355280138483,
    "avg_earnings_surprise": -0.9833140812776364,
    "consistency_score": 87,
    "trend_direction": "growing"
  }
}