{
  "ticker": "ZS",
  "quarters": [
    {
      "date": "2025-07-28",
      "quarter": "Q3 2025",
      "revenue": 469409084.8927909,
      "earnings": 26124352.597716033,
      "eps_actual": 0.023044981884761076,
      "eps_estimate": 0.022413505268698793,
      "surprise_percent": 2.8173933906900386,
      "price_on_date": 20.132942458130376,
      "revenue_growth": 14.607236000415055,
      "earnings_growth": 16.278455621604426
    },
    {
      "date": "2025-04-29",
      "quarter": "Q2 2025",
      "revenue": 445938630.64815134,
      "earnings": 24818134.96783023,
      "eps_actual": 0.02189273279052302,
      "eps_estimate": 0.02136836099952344,
      "surprise_percent": 2.453963553925711,
      "price_on_date": 19.544671333987775,
      "revenue_growth": 12.865670033657286,
      "earnings_growth": 15.716324672347632
    },
    {
      "date": "2025-01-29",
      "quarter": "Q1 2025",
      "revenue": 423641699.11574376,
      "earnings": 23577228.219438717,
      "eps_actual": 0.02079809615099687,
      "eps_estimate": 0.019872808408948315,
      "surprise_percent": 4.656049225694326,
      "price_on_date": 17.552488013219666,
      "revenue_growth": 15.514086243309745,
      "earnings_growth": 12.877983025624626
    },
    {
      "date": "2024-10-31",
      "quarter": "Q4 2024",
      "revenue": 402459614.1599566,
      "earnings": 22398366.80846678,
      "eps_actual": 0.019758191343447026,
      "eps_estimate": 0.0200423877660036,
      "surprise_percent": -1.417976869196367,
      "price_on_date": 18.04124803757984,
      "revenue_growth": 12.036943522253795,
      "earnings_growth": 15.547126909389597
    },
    {
      "date": "2024-08-02",
      "quarter": "Q3 2024",
      "revenue": 382336633.4519587,
      "earnings": 21278448.468043443,
      "eps_actual": 0.018770281776274676,
      "eps_estimate": 0.018865711744428082,
      "surprise_percent": -0.5058381546701549,
      "price_on_date": 15.64387309019346,
      "revenue_growth": 13.082274522916792,
      "earnings_growth": 17.45788273481978
    },
    {
      "date": "2024-05-04",
      "quarter": "Q2 2024",
      "revenue": 363219801.7793607,
      "earnings": 20214526.044641264,
      "eps_actual": 0.017831767687460934,
      "eps_estimate": 0.0173056259525323,
      "surprise_percent": 3.0402930028176374,
      "price_on_date": 16.225193273058583,
      "revenue_growth": 14.957527522407712,
      "earnings_growth": 13.94959378985525
    },
    {
      "date": "2024-02-04",
      "quarter": "Q1 2024",
      "revenue": 345058811.69039273,
      "earnings": 19203799.742409207,
      "eps_actual": 0.016940179303087895,
      "eps_estimate": 0.01718731471039712,
      "surprise_percent": -1.4378942346341281,
      "price_on_date": 14.48573202909881,
      "revenue_growth": 11.837534702983726,
      "earnings_growth": 16.904929780922572
    },
    {
      "date": "2023-11-06",
      "quarter": "Q4 2023",
      "revenue": 327805871.10587305,
      "earnings": 18243609.755288742,
      "eps_actual": 0.016093170337933494,
      "eps_estimate": 0.016251742068056976,
      "surprise_percent": -0.9757214301053742,
      "price_on_date": 13.602472822356157,
      "revenue_growth": 14.321253561934558,
      "earnings_growth": 11.011598273889923
    }
  ],
  "metrics": {
    "revenue_trend": [
      {
        "date": "2025-07-28",
        "value": 469409084.8927909
      },
      {
        "date": "2025-04-29",
        "value": 445938630.64815134
      },
      {
        "date": "2025-01-29",
        "value": 423641699.11574376
      },
      {
        "date": "2024-10-31",
        "value": 402459614.1599566
      },
      {
        "date": "2024-08-02",
        "value": 382336633.4519587
      },
      {
        "date": "2024-05-04",
        "value": 363219801.7793607
      },
      {
        "date": "2024-02-04",
        "value": 345058811.69039273
      },
      {
        "date": "2023-11-06",
        "value": 327805871.10587305
      }
    ],
    "eps_trend": [
      {
        "date": "2025-07-28",
        "value": 0.023044981884761076
      },
      {
        "date": "2025-04-29",
        "value": 0.02189273279052302
      },
      {
        "date": "2025-01-29",
        "value": 0.02079809615099687
      },
      {
        "date": "2024-10-31",
        "value": 0.019758191343447026
      },
      {
        "date": "2024-08-02",
        "value": 0.018770281776274676
      },
      {
        "date": "2024-05-04",
        "value": 0.017831767687460934
      },
      {
        "date": "2024-02-04",
        "value": 0.016940179303087895
      },
      {
        "date": "2023-11-06",
        "value": 0.016093170337933494
      }
    ],
    "earnings_dates": [
      "2025-07-28",
      "2025-04-29",
      "2025-01-29",
      "2024-10-31",
      "2024-08-02",
      "2024-05-04",
      "2024-02-04",
      "2023-11-06"
    ]
  },
  "analysis": {
    "avg_revenue_growth": 13.75598394990897,
    "avg_earnings_surprise": 2.127357325278427,
    "consistency_score": 90,
    "trend_direction": "growing"
  }
}