{
  "ticker": "ZTS",
  "quarters": [
    {
      "date": "2025-07-28",
      "quarter": "Q3 2025",
      "revenue": 1143407259.1947708,
      "earnings": 127385142.74254853,
      "eps_actual": 0.030562333005541002,
      "eps_estimate": 0.029621458334041926,
      "surprise_percent": 3.176327987936344,
      "price_on_date": 14.687660460197433,
      "revenue_growth": 47.61693521657249,
      "earnings_growth": 38.14328468644081
    },
    {
      "date": "2025-04-29",
      "quarter": "Q2 2025",
      "revenue": 1086236896.2350323,
      "earnings": 121015885.60542111,
      "eps_actual": 0.029034216355263955,
      "eps_estimate": 0.028768109762248466,
      "surprise_percent": 0.9250054842487192,
      "price_on_date": 15.67697767026361,
      "revenue_growth": 54.28034179825935,
      "earnings_growth": 46.07715051500899
    },
    {
      "date": "2025-01-29",
      "quarter": "Q1 2025",
      "revenue": 1031925051.4232806,
      "earnings": 114965091.32515004,
      "eps_actual": 0.027582505537500756,
      "eps_estimate": 0.027248833030699898,
      "surprise_percent": 1.2245387038223847,
      "price_on_date": 12.787696128758654,
      "revenue_growth": 48.26383515507342,
      "earnings_growth": 57.59079220161449
    },
    {
      "date": "2024-10-31",
      "quarter": "Q4 2024",
      "revenue": 980328798.8521165,
      "earnings": 109216836.75889252,
      "eps_actual": 0.026203380260625714,
      "eps_estimate": 0.024983857443724087,
      "surprise_percent": 4.881243097262266,
      "price_on_date": 13.137482948512014,
      "revenue_growth": 58.135938753552686,
      "earnings_growth": 44.21581225506901
    },
    {
      "date": "2024-08-02",
      "quarter": "Q3 2024",
      "revenue": 931312358.9095106,
      "earnings": 103755994.9209479,
      "eps_actual": 0.024893211247594426,
      "eps_estimate": 0.023663334120591562,
      "surprise_percent": 5.197395771598554,
      "price_on_date": 12.876238978204665,
      "revenue_growth": 56.26066087768322,
      "earnings_growth": 61.98056300788994
    },
    {
      "date": "2024-05-04",
      "quarter": "Q2 2024",
      "revenue": 884746740.964035,
      "earnings": 98568195.1749005,
      "eps_actual": 0.023648550685214705,
      "eps_estimate": 0.022677600511766958,
      "surprise_percent": 4.281538397080152,
      "price_on_date": 12.993133307230764,
      "revenue_growth": 59.544040738470194,
      "earnings_growth": 64.40897609782493
    },
    {
      "date": "2024-02-04",
      "quarter": "Q1 2024",
      "revenue": 840509403.9158332,
      "earnings": 93639785.41615547,
      "eps_actual": 0.02246612315095397,
      "eps_estimate": 0.022580080350344908,
      "surprise_percent": -0.5046802208974356,
      "price_on_date": 10.453976308814525,
      "revenue_growth": 44.006279918151115,
      "earnings_growth": 40.60900351270381
    },
    {
      "date": "2023-11-06",
      "quarter": "Q4 2023",
      "revenue": 798483933.7200415,
      "earnings": 88957796.14534768,
      "eps_actual": 0.021342816993406268,
      "eps_estimate": 0.020734944610525753,
      "surprise_percent": 2.9316325377205876,
      "price_on_date": 10.909371922845295,
      "revenue_growth": 59.230468643787646,
      "earnings_growth": 40.632068390953414
    }
  ],
  "metrics": {
    "revenue_trend": [
      {
        "date": "2025-07-28",
        "value": 1143407259.1947708
      },
      {
        "date": "2025-04-29",
        "value": 1086236896.2350323
      },
      {
        "date": "2025-01-29",
        "value": 1031925051.4232806
      },
      {
        "date": "2024-10-31",
        "value": 980328798.8521165
      },
      {
        "date": "2024-08-02",
        "value": 931312358.9095106
      },
      {
        "date": "2024-05-04",
        "value": 884746740.964035
      },
      {
        "date": "2024-02-04",
        "value": 840509403.9158332
      },
      {
        "date": "2023-11-06",
        "value": 798483933.7200415
      }
    ],
    "eps_trend": [
      {
        "date": "2025-07-28",
        "value": 0.030562333005541002
      },
      {
        "date": "2025-04-29",
        "value": 0.029034216355263955
      },
      {
        "date": "2025-01-29",
        "value": 0.027582505537500756
      },
      {
        "date": "2024-10-31",
        "value": 0.026203380260625714
      },
      {
        "date": "2024-08-02",
        "value": 0.024893211247594426
      },
      {
        "date": "2024-05-04",
        "value": 0.023648550685214705
      },
      {
        "date": "2024-02-04",
        "value": 0.02246612315095397
      },
      {
        "date": "2023-11-06",
        "value": 0.021342816993406268
      }
    ],
    "earnings_dates": [
      "2025-07-28",
      "2025-04-29",
      "2025-01-29",
      "2024-10-31",
      "2024-08-02",
      "2024-05-04",
      "2024-02-04",
      "2023-11-06"
    ]
  },
  "analysis": {
    "avg_revenue_growth": 52.07426273086449,
    "avg_earnings_surprise": 2.5517788183174286,
    "consistency_score": 88,
    "trend_direction": "growing"
  }
}